3102 4696
789 131 831 195 46

200 344 245 406 ibi
267 343 482 407 describuntur
505 341 686 423 nequissimi
710 345 741 405 et
763 341 933 425 turpissimi
955 341 1070 423 publici
1093 340 1211 405 consilii
1234 342 1374 404 auctores
1389 342 1420 403 et

199 448 351 528 regendae
380 447 511 512 civitatis
540 447 647 522 duceS,
683 435 732 522 οῖς
761 433 865 521 uidete
892 433 930 509 dv
961 432 1052 509 ούδὲν
1078 441 1141 508 τῶν
1168 439 1263 508 ῖδίων
1286 441 1417 529 έπιτρέω

200 564 293 638 ψειεν
328 553 366 635 (ὅ
392 552 483 643 139),
517 552 596 616 tales
631 552 825 632 aliquatenus
848 551 942 615 fuisse
965 552 1138 633 accepimus
1160 550 1359 614 Timarchum
1389 554 1419 614 et

201 658 445 739 Hegesandrum‚
470 676 600 739 quorum
623 657 681 732 ille,
705 646 864 742 διάσημος
886 642 930 718 ίδν
953 652 986 718 ἓν
1007 651 1046 742 τῇ
1069 649 1221 740 πολιτείᾳ
1237 653 1293 717 καὶ
1316 653 1416 741 δημη-

200 759 302 851 μορῶν
326 762 410 845 (Arg.
427 761 443 824 I
459 762 498 826 ad
514 763 622 826 Aesch.
643 763 720 826 orat.
737 761 773 844 Ι),
797 761 894 842 primo
915 762 1076 843 peculatus
1098 764 1263 825 accusatus
1286 761 1417 840 triginta

200 868 293 933 minis
316 869 467 932 multatus
484 869 538 942 est
556 866 664 932 deinde
680 867 720 930 ab
735 867 885 930 Aeschine
900 867 1022 948 propter
1037 865 1264 947 impudicitiam
1286 869 1317 930 et
1338 865 1418 948 quod

200 973 420 1056 patrimonium
450 971 609 1036 effudisset
642 971 674 1034 in
698 971 846 1034 iudicium
868 973 995 1034 vocatus
1024 971 1122 1052 capite
1146 973 1194 1034 est
1216 970 1417 1034 deminutus¹

202 1077 252 1162 (cf.
275 1077 373 1160 §140
396 1063 470 1162 μηδ’
494 1063 659 1155 ἀνέξονται
680 1066 737 1162 την
760 1065 866 1162 φωνὴν
888 1071 952 1138 τοῖν
974 1064 1014 1138 τὰ
1036 1070 1095 1156 μέν
1118 1064 1255 1156 σώματα
1269 1064 1310 1137 τά
1334 1071 1415 1162 σφέ-

199 1169 262 1268 τερ’
286 1169 390 1244 αίτῶν
413 1175 645 1258 ἐπονειδίστως
667 1177 911 1262 διατιθεμένων,
929 1169 1152 1260 συμβουλεύειν
1168 1176 1204 1243 δὲ
1219 1181 1289 1256 τοῖς
1305 1165 1415 1256 άλλοις

200 1273 373 1366 άξιούντων
403 1334 506 1364 ····‚
536 1281 619 1372 μηδὲ
648 1281 713 1348 τῶν
735 1268 757 1347 ά
777 1281 837 1366 μὲν
859 1275 950 1370 παρὰ
972 1280 1036 1347 τοῖν
1058 1281 1210 1370 πατέρων
1231 1282 1418 1370 παρέλαβον

200 1386 247 1468 εἰς
281 1381 413 1477 αἰσχράς
449 1380 565 1478 ἡδονὰς
594 1377 811 1476 ἀνηλωκότων,
842 1386 879 1452 ἐκ
910 1386 946 1453 δέ
979 1385 1043 1452 τῶν
1071 1385 1188 1452 κοινῶν
1216 1392 1289 1466 ταῖς
1316 1383 1418 1466 ἰδίαις

201 1484 359 1582 ἆπορίαις
380 1498 517 1582 βοηθεῖν
541 1486 749 1581 ζητούντων);
783 1497 914 1560 alteret
942 1495 1006 1577 ipse
1027 1495 1074 1558 vir
1096 1498 1162 1559 erat
1185 1495 1366 1559 libidinosus
1389 1498 1420 1559 et

199 1592 319 1684 ταμιάς
341 1598 404 1665 τῶν
426 1598 482 1688 τῆς
504 1597 586 1664 θεοῖ
608 1601 744 1665 delectus
766 1600 911 1683 pecunias
940 1600 1079 1682 publicas
1112 1600 1317 1683 suppressisse
1340 1599 1420 1663 dice-

200 1708 317 1772 batur²
340 1707 390 1789 (cf.
413 1706 509 1789 §141
534 1692 701 1790 ἀπείργειν
723 1703 773 1768 δεῖ
795 1691 865 1768 άπὸ
886 1701 943 1768 τοῦ
965 1694 1189 1787 συμβουλεύειν
1203 1694 1278 1781 τούς
1299 1694 1340 1767 τὰ
1360 1701 1420 1786 μέν

199 1808 263 1875 τῶν
290 1797 395 1875 άλλων
423 1800 571 1897 κτήματα
598 1806 655 1894 τῆς
682 1798 809 1886 πόλεως
830 1799 914 1872 εῖναι
944 1799 1144 1896 φάσκοντας,
1172 1802 1213 1872 τά
1236 1807 1273 1873 δέ
1301 1800 1417 1895 ταύτης
1533 1873 1534 1876 ,

200 1910 271 1981 ἴδια
292 1913 444 1980 κλέπτειν
466 1912 522 1978 καί
539 1905 730 2000 διαρπάζειν
744 1910 950 1997 τολμῶντας).
995 1914 1101 1998 Neque
1116 1914 1291 1997 Hegesippi,
1312 1915 1416 1979 fratris

200 2023 303 2098 huius,
319 2022 403 2086 fama
418 2021 548 2084 maculis
565 2023 631 2084 erat
645 2038 751 2085 vacua.
789 2018 959 2102 Hyperides
975 2020 1176 2084 Demostheni
1195 2021 1227 2083 in
1243 2021 1417 2102 eloquentis

199 2127 355 2209 proximus
378 2126 437 2190 fuit
459 2129 490 2190 et
511 2127 558 2190 vir
579 2126 782 2207 incorruptus,
807 2124 860 2189 sed
882 2125 1012 2207 corporis
1027 2124 1237 2206 voluptatibus
1260 2125 1348 2189 valde
1365 2126 1417 2190 de·

200 2231 283 2296 ditus
293 2233 315 2296 ³.
354 2231 577 2296 Verumtamen
593 2230 769 2313 perditiores
784 2231 882 2294 multo
903 2232 935 2294 et
950 2229 1128 2294 sordidiores
1144 2232 1232 2294 erant
1246 2231 1416 2294 maximam

197 2339 318 2419 partem
352 2337 375 2400 ii
408 2337 461 2418 qui
488 2338 591 2419 partes
620 2336 701 2417 regis
730 2335 934 2418 Macedonum
969 2334 1189 2417 sequebantur,
1219 2335 1415 2412 Philocrates,

196 2442 361 2517 Demades,
384 2442 468 2506 alii4.
522 2439 683 2523 Ceteroqui
705 2440 830 2506 eaedem
861 2441 1068 2504 incusationes
1090 2441 1147 2504 hoo
1175 2442 1242 2504 loco
1263 2442 1418 2506 iterantur

197 2547 310 2628 quibus
333 2546 418 2610 haud
441 2546 532 2610 dubie
556 2546 658 2610 studia
675 2564 710 2610 ao
726 2545 851 2609 consilia
864 2545 1080 2610 Demosthenis
1103 2546 1229 2629 eiusque
1244 2546 1416 2610 amicorum

196 2652 259 2734 peti
291 2669 383 2733 supra
411 2651 706 2726 demonstravimus,
738 2650 817 2733 qnod
846 2649 1004 2715 civitatem
1025 2651 1057 2715 in
1080 2651 1185 2715 odium
1208 2651 1364 2716 adducant
1386 2655 1417 2716 et

197 2759 312 2821 ceteros
337 2754 471 2820 Graecos
493 2759 603 2820 vexent
626 2773 662 2818 ac
685 2757 841 2837 suspectos
864 2755 994 2826 reddant
1018 2754 1052 2837 (ᾖ
1071 2756 1130 2818 141
1151 2775 1195 2837 sq.
1229 2754 1336 2843 φιλεῖν
1356 2752 1416 2838 μὲν

194 2851 250 2922 τὸν
280 2856 380 2946 δῆμον
410 2854 728 2948 προσποιουμένους,
759 2848 826 2922 ύττὸ
857 2855 893 2923 δέ
923 2855 988 2922 τῶν
1009 2845 1114 2922 datos
1146 2849 1300 2924 άπάντων
1322 2847 1418 2924 αύτὸν

197 2966 373 3046 μισεῖσθαι
403 2959 577 3040 ποιαῖντας
604 2963 661 3028 καί
688 2955 774 3050 λύγιμ
804 2961 864 3045 μέν
887 2954 1035 3041 δεδιότας
1062 2953 1145 3052 δπέρ
1166 2960 1231 3028 τῶν
1251 2954 1415 3052 Ἑλλήνων,

200 3062 282 3154 έργηι
305 3065 341 3132 δέ
363 3066 612 3151 λυμαινομένους
634 3067 690 3133 καί
714 3065 1018 3155 συκοφαντοῦντας).
1064 3068 1151 3149 Quae
1165 3070 1228 3134 iam
1244 3073 1416 3153 sequuntur
1533 3061 1534 3079 ¹

198 3175 228 3238 h.
244 3175 264 3239 l.
286 3175 379 3238 verbu
410 3172 466 3237 καί
496 3170 706 3249 διατιθέντας
737 3162 852 3250 αὐτοὺς
881 3161 963 3237 οῖῖτω
992 3164 1076 3261 πρὸς
1104 3162 1188 3260 ἡμᾶς
1217 3161 1318 3238 ὥστε
1340 3171 1418 3238 τῶν
1533 3249 1534 3260 ¹

196 3267 363 3341 πόλεων
390 3269 462 3354 τάς
491 3272 553 3355 είς
581 3267 650 3342 τὸν
676 3267 858 3358 πόλεμον
887 3275 1211 3360 καθισταμένας
1233 3266 1351 3366 ἥδιον
1372 3265 1418 3342 ἷιῖν
1533 3273 1534 3284 ’

196 3380 265 3446 καί
294 3377 451 3446 θάττον
479 3378 593 3459 ἐνίας
621 3376 900 3460 εἰσδέξασθαι
922 3373 1017 3460 τοὺς
1039 3369 1417 3470 πολιορκούνταςῆ

196 3477 266 3574 τὴν
288 3475 380 3573 παρ’
403 3475 512 3574 ἡμῶν
533 3477 739 3574 βοήθειαν
766 3488 937 3554 irrisionem
960 3489 1113 3554 continere
1136 3489 1263 3554 defendo
1282 3491 1416 3553 maxime

198 3593 296 3674 ipsius
320 3593 553 3668 Demosthenis3
576 3593 635 3656 hoo
657 3593 739 3656 enim
761 3594 913 3676 imprimis
934 3596 1056 3658 auctore
1077 3595 1189 3658 auxilio
1211 3595 1309 3660 missa
1329 3595 1417 3658 crant

202 3716 279 3780 quae
303 3696 475 3779 Olynthum
506 3697 643 3780 aliasque
667 3696 858 3763 Chalcidicae
889 3701 983 3762 urbes
1012 3699 1192 3782 aPhilippo
1219 3699 1417 3764 defenderent

198 3802 270 3884 (vid.
286 3805 375 3868 cratt.
391 3802 456 3866 eius
477 3800 677 3884 Olynthiaoas
690 3803 780 3887 tres),
796 3803 889 3885 idque
904 3803 1036 3880 hustra3
1051 3822 1150 3887 neque
1166 3805 1251 3869 enim
1266 3804 1415 3886 impedire

288 4067 297 4096 ¹
316 4061 357 4116 cf.
376 4061 500 4117 Schaefer
518 4061 536 4118 L
554 4079 575 4118 c.
595 4079 639 4131 pp.
652 4065 694 4118 79.
713 4064 765 4118 314
784 4079 838 4132 sqq.
858 4065 918 4119 321.
1031 4063 1126 4120 ⁹Ibid.
1151 4081 1175 4133 p.
1192 4065 1244 4120 310
1269 4081 1308 4133 sq.

286 4148 382 4206 ³1bid.
400 4167 443 4219 pp.
457 4150 517 4206 305.
534 4151 594 4206 310.
613 4151 674 4206 312.
1026 4154 1037 4188 ⁴
1055 4151 1122 4208 Ibid.
1142 4169 1166 4220 p.
1180 4153 1232 4206 292
1251 4168 1309 4220 sqq.
