3102 4696
756 178 800 242 54.

169 388 248 449 hanc
272 388 481 467 quaestionem
505 387 658 468 pertinent
680 388 755 450 haec
785 387 845 450 fere
875 389 962 450 sunt:
993 387 1238 467 Theopompum,
1269 387 1387 448 Dama-

169 493 286 556 sistrati
308 492 423 567 filium,
451 511 610 556 unacum
638 495 724 574 patre
755 495 876 575 propter
904 492 1215 556 Lacedaemoniorum
1246 491 1384 554 studium

168 597 292 662 civitate
315 597 408 661 eiecto
431 598 464 660 in
491 597 616 661 exilium
645 598 745 662 abisse
773 599 904 680 legimus
935 598 1017 681 apud
1046 598 1190 661 Photium
1215 596 1293 678 (cod.
1320 597 1383 660 176

169 697 239 766 ἔστι
271 699 308 766 δὲ
340 692 541 784 Θεόπομπος
572 704 661 780 Χῖος
690 699 750 784 μὲν
778 693 817 766 τὸ
848 699 952 788 γένος,
984 693 1053 780 υἱὸς
1084 693 1319 787 Δαμοστράτου
1351 703 1385 784 [l.

170 798 444 893 Δαμασιστράτου
467 809 506 873 cf.
530 809 615 876 Suid.
643 829 666 873 s
690 811 748 890 v.]·
780 811 892 896 φυγεῖν
919 805 957 872 δὲ
986 805 1112 893 λέγεται
1142 805 1199 894 τῆς
1226 802 1387 892 πατρίδος

167 903 237 996 ἅμα
258 911 305 1000 τῷ
325 912 436 998 πατρὶ,
455 911 514 977 ἐπὶ
534 911 729 1000 λακωνισμῷ
747 911 804 978 τοῦ
823 905 947 1000 πατρὸς
962 903 1123 999 ἁλόντος).
1152 914 1240 978 Idem
1256 914 1386 978 Photius

168 1021 255 1084 nobis
278 1021 373 1084 tradit
395 1040 468 1085 eum
495 1013 698 1102 quadraginta
728 1021 863 1103 quinque
887 1040 982 1085 annos
1010 1024 1122 1084 natum
1151 1021 1190 1084 ab
1212 1020 1386 1084 Alexandro

168 1146 239 1208 rege
262 1128 295 1190 in
318 1127 451 1191 civitatis
474 1127 542 1190 iura
565 1145 631 1191 esse
653 1126 847 1202 restitutum,
878 1127 960 1191 unde
989 1128 1108 1190 natales
1130 1125 1317 1208 Theopompi
1346 1125 1386 1190 ad

170 1232 216 1297 Ol.
243 1233 304 1296 100
334 1232 508 1298 referendas
538 1251 604 1298 esse
634 1233 699 1296 iure
728 1233 930 1297 concluditur.
975 1232 1172 1296 Dissentiunt
1199 1234 1305 1296 autem
1327 1232 1386 1295 viri

169 1338 250 1402 docti
277 1341 385 1402 utrum
407 1338 541 1404 Isocrate
564 1340 712 1420 magistro
736 1339 787 1404 ille
811 1358 887 1402 usus
911 1340 952 1403 sit
973 1341 1043 1402 tum
1073 1356 1145 1402 cum
1177 1339 1226 1403 hio
1250 1337 1387 1402 scholam

169 1446 330 1527 aperuerat
357 1444 391 1508 in
414 1442 491 1508 chio
519 1444 622 1508 insula
653 1463 694 1508 an
724 1448 829 1526 postea
851 1445 989 1508 Athenis.
1036 1444 1121 1524 Quae
1144 1444 1282 1526 quaestio
1312 1463 1387 1525 quo-

169 1549 259 1614 modo
288 1549 472 1614 diiudicetur
499 1569 571 1614 cum
602 1551 741 1615 nonnihil
763 1552 865 1614 valeat
893 1551 933 1614 ad
963 1551 1151 1615 sententiam
1179 1553 1318 1614 nostram
1349 1549 1387 1614 de

169 1655 317 1738 discipulo
345 1655 513 1737 prolatam,
542 1675 597 1720 nos
628 1656 821 1738 inquiramus
850 1657 883 1720 iu
914 1675 983 1720 eam
1012 1675 1138 1720 necesse
1160 1655 1281 1719 videtur
1310 1673 1386 1719 esse.

169 1762 214 1824 Ac
245 1759 278 1824 Ο.
302 1761 430 1824 Mueller
459 1760 583 1842 quidem
612 1761 645 1825 in
676 1761 918 1842 fragmentorum
950 1762 1165 1826 historicorum
1197 1759 1387 1825 Graecorum

170 1866 309 1931 editionis
332 1885 381 1948 pg.
404 1866 502 1930 LXVI
525 1867 689 1950 quominus
712 1868 840 1932 Athenis
863 1868 1093 1949 Theopompum
1121 1866 1266 1932 Isocratis
1297 1867 1388 1930 disei-

169 1974 254 2056 plina
274 1991 368 2037 usum
388 1991 455 2036 esse
475 1975 620 2054 putemus
641 1973 673 2036 id
694 1973 737 2036 ait
757 1974 879 2037 obstare
900 1973 979 2054 quod
1000 1974 1180 2055 personatus
1200 1973 1387 2038 Plutarchus

168 2079 202 2142 in
232 2078 294 2143 vita
329 2077 473 2142 Isocratis
513 2076 601 2159 (vitt.
632 2077 739 2142 decem
770 2080 858 2142 oratt.
881 2099 912 2161 p.
930 2079 1025 2143 8370
1057 2081 1087 2143 et
1115 2079 1203 2142 Phot.
1233 2078 1298 2143 cod.
1323 2080 1387 2142 260

170 2203 200 2266 p.
225 2184 300 2267 793)
331 2203 403 2248 eum
431 2184 470 2248 ab
499 2184 556 2248 hoc
584 2183 617 2246 iu
645 2184 766 2249 dicendi
797 2186 861 2248 arte
891 2185 1071 2249 institutum
1100 2203 1167 2248 csse
1195 2185 1300 2248 tradat
1327 2203 1388 2266 quo

171 2292 307 2371 tempore
330 2288 361 2352 in
390 2287 464 2353 Chio
492 2289 594 2353 insula
622 2290 695 2354 ludo
725 2309 836 2354 novem
866 2291 1083 2373 discipulorum
1106 2289 1278 2372 praefuerit.
1325 2289 1387 2354 Sed

171 2395 372 2460 manifestum
395 2396 443 2459 est
465 2414 537 2459 eum
559 2396 712 2477 personati
736 2395 894 2460 Plutarchi
917 2397 1008 2460 verba
1031 2414 1092 2459 non
1112 2397 1189 2460 satis
1206 2396 1387 2478 inspexisse;

171 2520 245 2564 nam
274 2501 389 2564 frustra
416 2502 555 2582 requiras
583 2501 636 2564 ubi
667 2502 724 2566 hoc
758 2503 907 2584 scriptum
942 2503 990 2566 sit.
1036 2501 1189 2566 Narratur
1220 2505 1326 2566 autem
1353 2503 1386 2565 iu

170 2608 238 2671 vitt.
266 2607 330 2671 dec.
360 2609 449 2670 oratt.
478 2607 499 2670 l.
531 2626 557 2671 o.
587 2606 624 2671 de
653 2606 796 2670 Isocratis
828 2607 898 2672 ludo
930 2626 966 2671 ac
994 2607 1151 2690 discipulis
1183 2608 1239 2672 hoc
1267 2607 1386 2671 ordine:

172 2713 312 2776 Primum
328 2712 531 2794 comperimus
547 2714 707 2789 oratorem,
728 2731 800 2776 cum
821 2715 950 2793 conatus
972 2717 1037 2777 eius
1058 2712 1246 2778 Graecorum
1267 2715 1386 2777 animos

172 2817 212 2882 ad
233 2818 349 2881 bellum
370 2819 476 2882 contra
497 2818 643 2882 barbaros
664 2818 833 2899 gerendum
854 2818 1003 2883 incitandi
1022 2819 1061 2882 ad
1079 2819 1202 2883 irritum
1218 2819 1387 2895 occidisset,

172 2922 309 2987 scholam
341 2923 526 2999 instituisse,
557 2923 650 3005 idque
682 2919 818 3006 primum
852 2923 977 3006 quidem
1010 2925 1043 2988 in
1072 2922 1164 3000 Chio,
1194 2924 1248 2987 ubi
1278 2942 1387 2988 novem

171 3028 390 3110 discipulorum
412 3029 597 3110 magistrum
620 3048 692 3094 eum
721 3029 815 3094 trisse
845 3030 975 3111 legimus
1001 3019 1236 3116 (διαμαρτάνων
1263 3025 1301 3092 δὲ
1331 3023 1388 3115 τῆς

172 3130 393 3220 προαιρέσεως
414 3123 534 3198 τουτων
555 3131 615 3215 μὲν
637 3121 774 3220 ἀπέστη,
799 3130 914 3220 σχολῆς
935 3131 973 3199 δὲ
991 3123 1108 3222 ἡγεῖτο,
1134 3123 1178 3212 ὥς
1192 3132 1277 3212 τινές
1292 3153 1385 3222 φασι,

172 3235 303 3324 πρῶτον
332 3235 391 3302 ἐπὶ
422 3233 508 3303 Χίου
536 3230 690 3326 μαθητὰς
718 3234 797 3319 ἐραν
828 3237 937 3324 ἐννέα).
988 3240 1108 3306 Deinde
1131 3242 1259 3324 scriptor
1280 3240 1387 3322 paucis

172 3364 246 3409 cum
268 3345 306 3410 de
329 3345 397 3409 aliis
419 3345 511 3410 rebus
535 3349 604 3410 tum
626 3346 663 3410 de
694 3346 808 3412 divitiis
838 3365 915 3428 quas
947 3349 1058 3411 nactus
1088 3347 1129 3411 sit
1155 3346 1306 3412 Isocrates
1337 3365 1388 3410 ex·

171 3450 278 3534 positis
312 3451 424 3514 transit
457 3451 496 3514 ad
519 3451 683 3533 discipulos
717 3452 782 3517 eius
819 3453 867 3517 his
890 3454 1007 3518 verbis:
1045 3441 1203 3537 ἀκροαταὶ
1237 3439 1266 3515 d⁰
1291 3439 1388 3515 αὐτοῦ

173 3552 316 3641 Ιἐγένοντο
350 3550 397 3632 εἰς
430 3546 560 3635 {acrem
596 3559 737 3622 nominat
771 3562 876 3623 autem
915 3563 946 3624 et
984 3559 1060 3623 alios
1094 3560 1126 3622 ct
1158 3559 1388 3642 Theopompum

173 3651 387 3748 (ἐμαθήτευσε
409 3647 439 3725 ‹l’
463 3649 548 3748 αὐτῷ
571 3660 627 3726 καὶ
654 3653 857 3745 Θεόπομπος
884 3653 902 3727 ὃ
925 3666 1037 3749 Χῖος).
1087 3665 1129 3728 nt
1151 3665 1234 3728 huuc
1257 3664 1388 3729 referen-

172 3768 247 3832 dum
271 3787 337 3833 esse
359 3769 391 3832 in
422 3787 588 3833 numerum
618 3787 725 3834 eorum
756 3770 808 3850 qui
838 3771 870 3834 in
901 3769 976 3834 Chio
1005 3771 1106 3835 insula
1129 3773 1325 3835 accesserunt
1347 3771 1388 3834 ad

172 3873 340 3938 Isocratem
373 3892 528 3955 nusquam
562 3874 689 3950 diuitum
722 3875 816 3938 immo
850 3877 907 3940 hoc
940 3878 1004 3940 loco
1039 3877 1076 3940 de
1111 3879 1236 3941 centum
1266 3876 1387 3941 circiter

172 3979 264 4044 huius
280 3979 470 4044 auditoribus
485 3981 599 4043 mentio
620 3981 754 4056 inicitur,
770 4001 842 4046 cum
861 3983 895 4046 in
917 3980 992 4046 Chio
1014 3981 1115 4045 insula
1137 4001 1245 4046 novom
1262 3984 1386 4046 tautum

173 4085 332 4166 disciplina
361 4087 427 4150 eius
457 4088 625 4150 uterentur.
672 4085 752 4165 Quin
781 4087 876 4152 ctiam
907 4107 943 4152 ex
973 4089 1030 4152 hoc
1059 4088 1124 4170 ipso
1153 4088 1218 4151 loco
1247 4087 1387 4152 Muelleri

174 4191 358 4255 sententiam
381 4191 547 4255 admodum
570 4192 645 4255 nihil
668 4192 780 4257 habere
802 4193 1025 4275 probabilitatis
1047 4194 1251 4274 intellegitur,
1274 4213 1346 4257 cum
1369 4212 1385 4257 e
