3102 4696
749 181 785 244 li

160 383 316 456 Ησιόδου
338 390 394 456 καί
417 389 474 479 τῆς
494 381 628 480 Ομηρου
651 384 823 517 πριησειυς,
847 394 907 458 vid.
927 394 944 475 ξ
971 393 1035 474 18],
1059 390 1116 455 καί
1143 381 1203 468 τάς
1224 412 1258 454 τε
1281 388 1376 477 φιλο-

161 493 283 585 σοφίας
315 488 374 573 τὰς
406 494 471 561 τῶν
500 483 605 562 άλλιον
637 498 694 563 καί
727 489 786 575 τάς
819 493 973 574 παιδείας
1002 487 1137 574 ἁπάσας
1167 484 1288 583 άναιρῶ
1321 495 1377 559 καί

161 602 246 692 φημί
275 593 403 680 πάντας
431 589 536 688 ληρεῖν
563 596 647 691 πλὴν
668 595 743 681 τοὺς
763 595 997 690 μετεσχηκότας
1021 601 1078 690 τῆς
1101 598 1179 689 ἐμῆς
1201 598 1376 722 διατριβης.

164 709 210 775 Of.
233 711 251 794 ξ
275 711 316 774 25
342 700 497 790 ολμοιι’
457 732 527 794 γαρ,
557 733 594 796 ην
617 707 772 794 ἐξενέγκιο
795 699 926 796 γράψας
947 707 1005 773 καὶ
1026 699 1157 796 ποιήσω
1181 699 1320 796 φανεράν
1341 732 1379 794 ην

163 810 225 895 ἔχω
255 805 378 900 γνώμην
407 808 484 900 περί
517 836 552 878 τε
580 811 637 900 τῆς
670 811 825 892 παιδείας
857 814 913 879 καὶ
950 812 1015 879 τῶν
1045 810 1204 934 ποιητῶν,
1241 803 1379 877 παίσειν

165 907 279 996 αι’ποὺς
306 919 435 1004 ψευδεῖς
463 910 727 996 πλάττοντας
694 916 802 998 αιτίας
829 920 886 984 καὶ
916 909 1113 1006 asponam
1095 942 1146 984 οτι
1175 905 1214 983 ih
1242 909 1378 1001 τίηιοσιν

163 1027 259 1109 et§§
291 1026 626 1112 retemptans
664 1027 690 1090 si
719 1027 801 1090 idem
832 1028 978 1092 sensisset
964 1028 1185 1092 thristoteles
1216 1026 1253 1090 de
1281 1025 1377 1107 poetis

162 1151 199 1195 ae
213 1132 362 1213 magister
377 1132 442 1197 eius
457 1133 555 1209 Plato,
577 1133 644 1196 fieri
658 1152 718 1196 non
739 1132 888 1214 potuisset
902 1136 939 1197 ut
953 1133 1103 1198 Isoorates
1119 1132 1378 1214 eontemptionem

162 1256 267 1301 eorum
298 1238 470 1302 adversan'o
499 1258 553 1303 suo
583 1239 792 1322 exprobraret:
823 1239 874 1302 hie
902 1240 983 1304 enim
1013 1242 1188 1321 poetarum,
1224 1239 1377 1319 qnatenus

162 1362 213 1406 ars
243 1362 349 1408 eorum
379 1345 411 1407 in
439 1344 589 1410 imitando
612 1347 796 1421 versaretur,
826 1347 893 1410 erat
923 1345 1093 1424 exagitator
1119 1345 1311 1426 optimaeque
1333 1343 1378 1406 rei

162 1448 302 1531 publieae
331 1449 465 1530 speeiem
493 1451 641 1516 definiens
664 1451 760 1516 etiam
782 1451 953 1515 Homerum
984 1451 1023 1514 ab
1046 1449 1226 1514 educatione
1249 1448 1378 1513 exclusit

163 1554 253 1634 (Plat.
288 1553 326 1618 de
353 1555 428 1636 Rep.
458 1555 486 1619 ΙΙ
514 1558 577 1621 378
601 1556 630 1619 d.
666 1558 730 1620 379
754 1557 815 1620 ed.
855 1555 1004 1619 X595a
1028 1556 1118 1639 sqq).
1181 1554 1376 1618 Aristotelem

161 1677 231 1724 vero
265 1660 363 1724 multo
398 1679 487 1724 seeus
520 1660 673 1726 iudinasse
704 1661 743 1726 de
777 1662 873 1744 poetis
907 1662 1031 1743 puerilis
1066 1661 1174 1726 aetatis
1209 1658 1377 1741 magistris,

163 1784 353 1847 quamquam
386 1767 507 1830 nullum
541 1766 631 1832 affere
668 1787 835 1851 possumus
877 1767 942 1832 eius
985 1768 1182 1849 praeceptum
1217 1785 1276 1848 quo
1309 1764 1377 1828 illos

163 1889 259 1952 quam
287 1871 360 1935 velit
388 1871 526 1936 effieaees
557 1891 623 1936 esse
646 1873 686 1936 ad
710 1874 871 1938 hominum
898 1876 1017 1938 mentes
1040 1872 1251 1937 informandas
1274 1873 1378 1952 aperte

164 1975 248 2040 dieat
271 1975 337 2059 (uhi
359 1977 442 2041 enim
466 1976 502 2041 de
526 1978 639 2042 haere
663 1979 912 2061 praeeipieudum
935 1982 1010 2055 erat,
1033 1997 1070 2043 ea
1091 1979 1159 2061 ipsa
1182 1977 1378 2040 Politioornm

160 2081 230 2145 libri
253 2079 328 2144 VIII
350 2101 420 2164 pars
449 2082 661 2168 desideratur),
692 2103 728 2149 ex
756 2085 899 2149 universa
921 2087 1027 2148 tamen
1059 2085 1136 2148 artis
1159 2082 1373 2147 aestimatione

162 2186 269 2250 elusa
298 2187 446 2268 magistre
476 2187 643 2256 admodum
671 2189 791 2254 diversa
821 2191 857 2254 fit
886 2190 1092 2273 perspicuum.
1146 2189 1269 2253 Etenim
1299 2206 1377 2270 quae

162 2291 301 2374 disputat
323 2292 411 2356 Plato
437 2292 475 2358 de
498 2294 572 2377 Rep.
595 2293 624 2356 X
649 2295 713 2358 596
736 2313 755 2358 a
778 2314 852 2376 sqq,
883 2315 956 2359 eum
985 2314 1093 2359 omnes
1116 2294 1286 2358 imitatores
1308 2296 1378 2357 turn

163 2400 277 2480 poetas,
300 2402 458 2481 propterea
482 2400 563 2482 quod
586 2401 768 2482 neutiquam
790 2419 869 2483 quae
892 2402 973 2466 solae
996 2419 1065 2466 vere
1089 2401 1152 2464 sint
1175 2402 1267 2481 atque
1289 2399 1380 2462 intel-

163 2504 435 2584 legantur‘rerum
457 2498 549 2582 ἰδέας
576 2506 639 2570 sive
661 2506 784 2583 formas,
817 2507 871 2570 sed
894 2525 931 2572 ea
954 2525 1032 2588 quae
1055 2507 1113 2570 sub
1136 2524 1245 2572 sensus
1268 2504 1380 2568 eadent

164 2610 212 2672 vel
234 2609 372 2692 opinione
394 2613 517 2676 tantum
540 2612 754 2678 contineantur
775 2612 927 2677 imitando
950 2613 1131 2695 exprimant,
1155 2612 1243 2692 longe
1267 2610 1380 2674 averi-

164 2717 228 2778 tate
251 2715 367 2791 abesse,
395 2735 517 2798 prorsus
546 2717 594 2782 his
618 2720 771 2782 eontraria
801 2720 887 2801 penit
908 2718 1095 2794 Arlstoteles‚
1123 2736 1196 2781 oum
1218 2719 1379 2798 poetarum

163 2820 297 2886 maxime
325 2821 480 2904 proprium
503 2841 569 2886 esse
598 2823 673 2887 dieit
699 2824 940 2906 unumquodque
967 2824 1007 2887 ad
1031 2824 1080 2888 sui
1102 2822 1222 2904 generis
1245 2822 1378 2904 speeiem

162 2925 297 3007 redigere
320 2930 479 3008 artemque
502 2946 610 2992 eornm
630 2929 754 3011 propius
777 2930 911 2994 affirmat
934 2929 1076 2994 aeeedere
1100 2929 1139 2992 ad
1157 2927 1379 3011 philosophiam

164 3050 259 3113 quam
296 3032 470 3109 historiam,
512 3035 584 3115 quia
622 3035 698 3099 haee
732 3054 781 3099 res
817 3035 916 3101 foetas
955 3035 1135 3118 simpliciter
1171 3037 1289 3110 narret,
1326 3033 1379 3097 illa

163 3138 310 3220 exemplis
332 3137 522 3204 demonstret
544 3141 723 3205 universam
745 3159 850 3206 rerum
873 3144 1018 3205 naturam
1043 3140 1138 3221 (Poet.
1162 3143 1192 3215 9,
1218 3139 1300 3203 1451
1322 3141 1341 3204 b
1359 3140 1377 3203 5

164 3231 217 3306 διὸ
239 3240 295 3305 καί
318 3233 581 3367 ιριλοσοιηιότερον
602 3243 658 3308 καί
682 3237 935 3332 σπουδαιότερον
957 3240 1092 3331 ποίησις
1116 3239 1259 3331 ἱστορίας
1280 3240 1378 3308 ἐστίν·

162 3337 180 3409 r‘
215 3343 275 3428 μὲν
307 3338 367 3432 γάρ
400 3344 580 3434 ποίησιςι
581 3346 688 3415 ιᾶλλον
720 3342 761 3414 τά
791 3341 992 3429 καθόλου,
975 3374 994 3437 η
1024 3338 1054 3414 δ
1086 3344 1213 3470 ιστρρία
1234 3341 1275 3414 τά
1297 3337 1379 3414 καθ

164 3446 301 3517 εκαστον
329 3450 425 3539 λέγει.
486 3450 557 3518 ἔστι
587 3452 624 3519 δὲ
654 3446 801 3520 καθόλου
831 3453 890 3537 μὲν
918 3480 964 3542 τῳ
993 3451 1082 3575 πρίιι
1115 3447 1156 3520 τά
1186 3458 1270 3521 ποῖα
1297 3442 1379 3519 άττα

163 3552 332 3650 συμβαίνει
361 3547 513 3644 λέγειν”
492 3583 512 3647 η
543 3549 697 3679 πράττειν
726 3551 809 3624 κατὰ
839 3552 878 3624 τὸ
907 3553 994 3638 εἰκὸς
1021 3586 1041 3648 η
1070 3553 1108 3626 τὸ
1131 3549 1313 3646 άναγκαῖον,
1343 3582 1379 3624 ου

162 3653 397 3744 στοχάζεται
378 3687 398 3751 η
429 3659 563 3750 ποίησις
591 3651 733 3746 ὀνόματα
763 3663 987 3754 ἐπιτιθεμένη·
1018 3657 1056 3731 τὸ
1078 3664 1115 3731 δε
1137 3654 1218 3731 καθ
1243 3663 1379 3730 ἕκαστον

161 3793 196 3833 τι
189 3757 420 3856 Ἀλκιβιάδης
442 3756 620 3855 ἔπραξεν
600 3795 620 3857 η
642 3766 676 3834 τί
699 3765 836 3836 επαθεν.
889 3772 933 3838 df.
960 3774 1011 3849 15,
1043 3774 1170 3837 1454a
1201 3774 1242 3836 33
1266 3773 1345 3856 sqq.)
1358 3777 1377 3836 ¹.

164 3874 280 3955 Quodsi
309 3876 360 3940 ille
388 3875 543 3940 eonelndit
571 3880 676 3962 poetas
710 3879 860 3960 pessimos
895 3898 927 3943 se
957 3882 1113 3961 praestare
1142 3897 1264 3942 morum
1293 3896 1380 3960 prae-

164 3983 310 4063 ceptores,
339 3981 486 4063 quoniam
507 3981 669 4047 hominum
699 3985 820 4049 mentes
843 3984 954 4049 fallant
978 3982 1027 4066 (de
1049 3985 1125 4067 Rep.
1150 3985 1245 4048 5992»
1277 4006 1377 4069 μιμη-

253 4225 321 4282 1οι,
341 4226 425 4282 zena
448 4227 497 4282 nu
515 4227 685 4296 Philosophia
702 4227 750 4282 aar
768 4207 903 4284 sareanen
922 4226 971 4282 nn.
991 4229 1015 4283 3.
1037 4231 1104 4285 rere
1123 4229 1172 4283 112
1189 4246 1213 4297 p.
1227 4230 1279 4285 rea
1293 4245 1347 4299 sqq.
