3102 4696
763 171 804 233 42

180 401 259 460 μενα
281 367 364 464 ἄμφ’
389 369 491 442 αὐτῶν
512 360 532 466 ᾗ
554 376 682 463 λέγεται
703 369 857 443 ὑπονοῶν,
898 369 982 464 πλὴν
1005 360 1097 454 οἶτος
1126 374 1185 460 μέν
1207 366 1392 465 ὃΚηηνισό-

180 483 283 570 δωρος
312 465 516 570 ᾧέπολέμει
543 475 587 571 μη
616 475 802 566 μαχόμενος,
828 475 962 566 ἐμάχετο
992 465 1018 570 ηἶ
1047 475 1091 571 μὴ
1119 481 1274 564 ποῖεμεῖν
1302 473 1394 566 epot-

180 588 276 673 tsco).
308 589 389 654 Item
403 590 562 667 Isocrates,
587 609 659 655 cum
674 591 847 656 Aristotelis
863 590 1023 673 praecipue
1039 590 1224 654 sententiam
1239 589 1395 672 politicam

179 694 212 758 in
235 696 470 760 controversiam
492 714 600 761 vocare
623 696 680 760 sibi
702 697 918 778 proposuisset,
949 714 1027 777 quae
1050 696 1083 759 in
1106 714 1140 760 co
1163 694 1395 777 reprehenderet

182 801 315 883 sumpsit
337 819 373 865 ex
395 801 532 866 Platonis
548 801 586 866 de
601 820 634 866 re
649 802 770 884 publica
791 803 822 867 et
844 802 881 865 de
904 802 1024 882 legibus
1046 800 1132 865 libris
1154 799 1396 882 praeclarissime

182 906 311 988 scriptis,
337 906 409 987 quia
432 907 600 972 sententias
615 907 657 972 ibi
671 908 842 990 propositas
857 909 896 971 ab
911 907 961 970 illc
985 925 1104 988 quoque
1119 906 1242 988 probari
1256 906 1395 988 putabat.

183 1011 222 1074 llt
242 1011 375 1093 profecto
399 1012 479 1093 quod
507 1011 539 1074 in
562 1012 787 1076 Panathenaico
814 1013 948 1077 maxime
978 1011 1226 1094 reprehenditur,
1256 1011 1397 1075 studium

181 1116 501 1193 lacedaemoniorum,
524 1118 557 1180 in
579 1118 755 1200 philosopho
778 1117 925 1199 Stagirita
948 1135 1009 1180 non
1031 1117 1135 1180 minus
1158 1119 1226 1182 erat
1247 1134 1343 1198 quam
1364 1116 1396 1179 in

181 1221 325 1297 Platone3
348 1221 455 1286 laudat
477 1223 559 1286 enim
581 1223 632 1286 ille
656 1241 762 1287 eorum
784 1224 929 1287 instituta
951 1222 1059 1286 multis
1083 1223 1156 1286 locis
1188 1221 1238 1303 (cl.
1261 1221 1349 1285 Polit.
1366 1220 1397 1284 ΙΙ

183 1327 267 1390 1265
282 1328 302 1391 b
320 1328 361 1390 30
390 1317 472 1406 τάχα
491 1317 550 1412 γὰρ
571 1317 628 1414 τὴν
649 1324 713 1390 τῶν
735 1318 906 1392 Λακώνων
927 1349 978 1402 τις
1000 1313 1039 1390 dv
1061 1323 1243 1391 ἐπαινέσειε
1264 1319 1395 1407 μᾶλλον,

179 1417 199 1518 ἢ
222 1418 282 1495 adia
304 1416 400 1518 dap
421 1422 492 1496 τινὰ
514 1420 872 1519 ἀριστοκρατικωτέραν,
899 1435 982 1498 1272
1000 1434 1019 1497 b
1036 1435 1088 1497 29.
1114 1434 1198 1497 1273
1214 1433 1234 1496 b
1250 1432 1315 1514 26).

269 1591 354 1656 Nihil
377 1591 471 1672 igitur
493 1593 595 1657 obstat
619 1593 780 1675 quominus
803 1593 836 1655 in
858 1592 925 1674 ipsa
947 1591 1080 1657 oratione
1103 1591 1225 1655 eosdem
1249 1593 1342 1672 atque
1364 1590 1396 1654 in

180 1697 348 1778 prooemio,
377 1698 573 1760 Aristotelem
603 1699 729 1779 eiusque
758 1700 976 1775 assectatores,
1007 1699 1183 1761 statuamus
1209 1697 1396 1778 impugnari.

181 1801 288 1883 Neque
310 1820 380 1866 vere
404 1803 467 1865 iam
490 1803 635 1884 cuiquam
652 1802 809 1866 offensioni
824 1803 882 1866 erit
903 1803 935 1865 id
951 1802 1031 1884 quod
1054 1821 1148 1885 supra
1169 1802 1206 1866 de
1229 1802 1279 1864 ria
1302 1820 1398 1884 quam

183 1907 340 1988 ingressus
364 1909 445 1972 esset
467 1907 626 1993 Isocrateo,
650 1910 685 1971 ut
706 1907 773 1970 illos
796 1908 992 1988 redargueret
1013 1908 1201 1989 melioraque
1225 1906 1345 1970 doceret
1360 1907 1398 1970 de

182 2031 215 2076 se
237 2013 301 2095 ipse
325 2012 404 2076 cives
428 2030 508 2088 suos,
533 2013 680 2095 suspicati
704 2031 822 2077 sumus,
868 2013 1010 2078 Diximus
1034 2014 1117 2077 enim
1132 2013 1175 2077 ibi
1197 2015 1349 2077 oratorem
1365 2011 1399 2075 in

182 2119 284 2181 animo
307 2117 452 2182 habuisse
475 2118 627 2184 sententia
655 2136 711 2182 sua
739 2137 810 2182 cum
838 2118 899 2180 illis
923 2120 1099 2200 comparata
1123 2119 1310 2200 quantopere
1332 2117 1398 2200 ipse

180 2225 352 2305 praestaret
373 2224 491 2305 patriae
514 2223 640 2306 eiusque
663 2223 876 2287 institutorum
905 2242 1007 2288 amore
1031 2223 1198 2287 ostendere.
1245 2221 1400 2302 Quemad-

181 2328 309 2392 modum
330 2328 425 2409 igitur
446 2329 504 2392 hoc
526 2328 645 2392 factum
668 2347 734 2393 esse
757 2328 944 2393 eradamus?
988 2328 1107 2410 Nempe
1129 2328 1174 2392 ita
1196 2330 1233 2392 ut
1247 2327 1398 2392 Isocrates

183 2433 364 2497 adversariis
388 2435 451 2498 suis
474 2433 703 2517 improbitatem
719 2433 1029 2498 Lacedaemoniorum
1045 2434 1085 2497 ab
1101 2433 1139 2498 iis
1156 2433 1399 2497 collaudatorem

181 2538 313 2602 obiceret
341 2557 437 2620 eaque
474 2558 507 2603 re
536 2540 636 2621 qualis
665 2542 747 2603 esset
776 2558 882 2603 eorum
913 2539 1081 2603 honestatis
1119 2556 1228 2603 sensus
1259 2538 1397 2621 aperiret.

183 2642 249 2722 Quo
272 2643 438 2709 intendisse
461 2647 612 2708 oratorem
634 2643 787 2708 indicatur
809 2644 826 2726 ἓ
845 2645 906 2706 182
936 2634 1049 2707 τούτου
1077 2634 1106 2707 δ’
1130 2640 1222 2706 ἕνεκα
1244 2638 1400 2729 περὶτῆς

183 2739 378 2834 οἰκειότητος
400 2746 456 2810 καῖ
479 2744 543 2812 τῶν
565 2737 790 2834 ἡμαρτημένων
806 2742 852 2825 εἷς
875 2735 987 2825 αὖτοὺς
1007 2739 1063 2813 διὰ
1078 2739 1237 2812 πλειόνων
1252 2744 1397 2835 διῆλθον,

180 2840 228 2916 ἵν’
253 2847 411 2942 έρωμαι
440 2844 533 2930 τοὺς
563 2841 904 2936 ἀποδεχομένους
932 2844 1095 2930 ἁπάσας
1116 2843 1188 2931 τὰς
1212 2858 1399 2940 Σπαρτι-

181 2953 287 3021 ατῶν
323 2949 496 3044 πράξεις
531 2953 567 3022 εἰ
603 2957 674 3023 καὶ
711 2948 866 3036 ταέτας
903 2945 1183 3040 ἇποδέχονται
1220 2957 1293 3022 καὶ
1329 2948 1401 3036 τὰς

179 3053 310 3144 μάχας
337 3050 523 3146 εὗσεβεῖς
551 3055 657 3128 εἶναι
687 3059 909 3146 νομίζουσι
938 3061 1008 3128 καὶ
1038 3055 1163 3141 καλὰς
1193 3055 1264 3142 τὰς
1292 3054 1400 3149 πρὸς

180 3158 350 3244 τοέτους
377 3168 650 3255 γεγενημένας.

271 3327 356 3407 Quae
379 3347 450 3392 cum
473 3330 518 3394 ita
540 3329 617 3404 sint,
645 3347 681 3393 ex
704 3329 847 3393 omnibus
876 3347 954 3411 quae
982 3330 1142 3410 hucusque
1165 3328 1300 3412 exposita
1323 3332 1399 3393 sunt

180 3434 445 3498 Panathenaioum
475 3433 684 3498 defensionem
713 3452 779 3498 esse
809 3434 941 3498 efficitur
971 3453 1005 3499 eo
1039 3434 1164 3515 quidem
1199 3435 1327 3498 consilio
1358 3434 1398 3497 ab

180 3539 314 3604 Isocrate
337 3539 482 3621 scriptam
505 3541 541 3602 ut
564 3539 821 3604 existimationem
844 3558 934 3603 suam
957 3539 996 3604 ab
1016 3537 1178 3603 Aristotele
1198 3538 1396 3621 potissimum

180 3648 389 3727 oppugnatam
423 3643 597 3708 defenderet
630 3645 926 3727 obtrectationcsque
959 3645 1025 3708 eius
1059 3644 1218 3708 obtereret.
1266 3643 1396 3708 Summo

180 3752 285 3814 autem
309 3748 409 3813 studio
432 3749 581 3814 adnititur
608 3749 640 3813 in
669 3768 705 3814 aa
734 3750 908 3814 defensione
930 3751 1032 3814 crater
1059 3752 1096 3814 ut
1124 3749 1238 3830 ingenii
1269 3750 1317 3813 sui
1346 3768 1397 3813 ex·

180 3855 323 3919 cellentia
353 3873 390 3918 ac
418 3854 607 3936 praestantia
637 3858 783 3937 appareat
812 3855 862 3934 (cf.
885 3854 956 3937 53,
985 3855 1039 3920 ubi
1068 3855 1127 3919 sibi
1155 3855 1200 3919 ita
1229 3854 1396 3920 dicendum

180 3978 248 4024 esse
270 3960 426 4041 praedicat
448 3948 492 4036 ὥς
514 3949 656 4036 ἅπαντες
677 3956 736 4040 μὲν
758 3945 797 4022 de
821 3954 999 4038 ἐλπίσειαν,
1023 3953 1052 4023 εἰ
1074 3958 1273 4045 βουληθεῖεν,
1291 3946 1396 4034 οὐδεὶς

181 4051 211 4126 d⁰
234 4049 273 4126 dv
301 4059 453 4151 δυνηθείη
484 4059 603 4151 ῥᾳδίως
633 4055 717 4151 πλὴν
751 4061 815 4128 τῶν
837 4067 949 4130 πονεῖν
978 4054 1156 4128 ἐθελόντων
1189 4063 1246 4128 καὶ
1269 4054 1397 4152 σφόδρα

181 4159 403 4258 προσεχόντων
423 4161 478 4234 τὸν
500 4167 580 4251 ναῦν,
603 4174 761 4255 praeterea
786 4172 836 4236 ll.
862 4171 926 4255 15).
972 4171 1096 4236 Etenim
1118 4172 1298 4236 Aristoteles
1324 4189 1396 4236 oon·
