3102 4696
787 150 829 212 64

202 379 341 442 pompus,
371 359 460 424 faoile
490 364 683 439 agnoscatur,
714 381 807 444 supra
836 363 911 425 satis
943 363 1172 426 demonstrasse
1203 361 1279 424 mibi
1310 360 1419 424 videor.

204 465 347 532 Ceterum
379 467 524 548 respicias
552 486 657 532 rerum
685 469 779 532 etiam
807 468 955 532 leviorum
986 471 1017 534 et
1045 468 1173 532 minoris
1203 467 1353 531 momenti
1376 467 1421 529 di·

203 574 349 637 stinctam
372 591 408 636 ae
431 574 578 638 subtilem
594 573 812 638 narrationem.
861 574 918 649 Ita,
942 577 978 638 ut
997 575 1145 639 nonnulla
1161 573 1296 648 afferam,
1320 572 1337 654 g
1355 573 1419 634 200

203 678 424 760 discipulorum
458 698 529 742 oum
564 679 690 760 quibus,
724 685 891 761 antequam
924 680 1155 762 Theopompum
1188 679 1221 742 iu
1256 679 1420 742 eonsilium

201 784 400 859 adhibuisset,
419 785 584 849 porrexisse
606 804 672 850 sese
690 786 860 850 orationem
881 784 1031 850 Isocrates
1055 788 1162 849 narrat
1183 785 1248 867 ipse
1271 802 1419 847 numerus

202 890 356 955 indicatur
385 880 479 971 (μετὰ
506 885 684 974 μειρακίων
711 887 808 974 τριῶν
829 877 849 977 ἢ
871 880 1029 974 τεττάρων
1058 887 1122 953 τῶν
1143 885 1341 970 εἰθισμένων
1361 909 1420 969 μοι

204 990 460 1080 συνδιατρίβειν).
506 995 671 1078 Praeoipue
688 1014 756 1060 vero
780 995 817 1061 de
840 996 877 1060 iis
900 1015 978 1077 quae
1000 997 1081 1061 inter
1096 997 1226 1078 priorem
1242 998 1274 1060 et
1289 996 1421 1059 alteram

202 1104 389 1166 eonventum
418 1101 476 1164 sibi
508 1100 664 1165 evenerint
694 1101 796 1166 videas
827 1120 921 1183 quam
952 1102 1133 1182 singillatim
1164 1104 1267 1166 orator
1289 1103 1421 1182 exponat

202 1207 238 1289 ἐξ
256 1207 445 1282 230-233;
474 1225 549 1270 nam
572 1207 609 1272 de
638 1207 734 1270 animi
757 1207 805 1271 sui
826 1207 952 1271 iuvenili
975 1207 1131 1272 affeotione
1155 1206 1190 1289 (ἓ
1208 1209 1271 1270 230
1296 1202 1422 1293 φρονῶν

201 1309 311 1392 μεῖζον
340 1298 360 1398 ἢ
388 1301 546 1398 προσήκει
580 1301 656 1388 τοὺς
688 1301 893 1397 τηλικούτους
927 1308 983 1374 καί
1017 1309 1154 1398 ταραχῆς
1186 1301 1422 1396 μειρακιώδους
1525 1321 1526 1328 ’

201 1407 319 1498 μεστὸς
349 1403 421 1500 dv),
450 1437 483 1482 se
512 1436 604 1499 puero
636 1418 804 1481 orationem
835 1417 998 1482 dietarisse
1034 1416 1068 1499 (ξ
1088 1419 1151 1480 231
1182 1405 1347 1499 ὑπέβαλον
1373 1411 1422 1500 τῷ
1525 1413 1526 1498 j

203 1521 303 1587 παιδὶ
323 1513 378 1585 τὸν
400 1512 518 1606 λόγον),
541 1525 616 1604 quot
637 1522 699 1588 fere
722 1523 787 1587 dies
809 1523 1002 1587 intermissae
1025 1523 1141 1587 fuerint
1162 1541 1235 1587 oum
1250 1523 1419 1586 orationem
1525 1609 1526 1616 η

202 1629 348 1710 relegeret
377 1631 407 1693 et
436 1629 470 1713 in
496 1629 533 1691 iis
563 1646 641 1709 quae
672 1628 709 1692 de
732 1628 981 1692 Lacedaemoniis
1011 1629 1093 1692 dieta
1123 1631 1226 1693 essent
1254 1627 1420 1692 offenderet
1525 1629 1526 1668 ἒ

205 1732 289 1815 (ibid.
312 1728 409 1818 τριῶν
432 1722 492 1818 γάρ
514 1718 534 1819 ἢ
556 1723 714 1818 τεττάρων
742 1720 867 1818 ἡμερῶν
894 1729 1150 1820 διαλειφθεισῶν
1172 1719 1419 1817 ἀναγιγνώσκων

204 1825 284 1901 αὐτὰ
306 1835 362 1901 καί
386 1829 513 1917 διεξιών
536 1887 543 1900 .
569 1887 576 1901 .
602 1887 609 1902 .
635 1887 642 1901 .
668 1835 728 1902 ἐπὶ
754 1840 824 1915 τοῖς
850 1837 927 1923 περί
950 1833 1224 1920 Λακεδαιμονίων
1253 1828 1419 1924 ἐλυπήθην

202 1941 258 2006 καὶ
281 1941 406 2026 βαρέως
429 1938 566 2031 ἔφερον),
596 1945 634 2009 δε
665 1944 859 2009 dubitatione
888 1964 944 2009 sua
974 1945 1159 2026 ambigentis
1189 1946 1419 2008 combureretne

203 2051 369 2114 orationem
400 2069 440 2114 an
469 2050 571 2115 ederet
607 2048 640 2132 (ἓ
664 2051 728 2113 232
764 2037 847 2113 ὥστε
875 2040 1036 2127 πολλάκις
1070 2039 1212 2136 ὁρμήσας
1241 2043 1420 2135 ἐξαλείφειν
1525 2111 1526 2118 ,

203 2142 298 2219 αὐτὸν
319 2141 339 2242 ἢ
361 2145 536 2219 κατακάειν
556 2150 832 2240 μετεγίγνωσκον),
864 2157 1010 2239 explicate
1038 2175 1075 2220 ao
1097 2156 1329 2237 diligentissime
1351 2174 1422 2236 per-

202 2262 317 2332 soribit.
377 2261 457 2326 Item
495 2280 573 2343 quae
611 2262 644 2324 in
682 2262 747 2343 ipso
787 2263 881 2326 altero
919 2266 1069 2326 conventu
1106 2261 1253 2326 aeoidisse
1286 2261 1420 2341 legimus
1525 2305 1526 2338 ,

201 2369 219 2450 ξ
246 2369 310 2430 233
335 2387 395 2450 sq.:
434 2356 554 2430 τούτων
587 2363 798 2450 γνωσθέντων
828 2353 978 2448 οὗδεμίαν
1007 2357 1173 2452 διατριβὴν
1205 2356 1418 2452 ἐποιησάμην,

201 2458 271 2536 ἀλλ’
305 2459 403 2548 εὐθὺς
425 2469 665 2558 παρεκέκληντο
688 2468 747 2554 μέν
771 2455 824 2548 οίς
845 2462 949 2550 εἶπον,
973 2462 1175 2559 προειρηκὼς
1201 2459 1231 2536 δ
1252 2456 1290 2558 ἦν
1312 2457 1422 2546 αδτοῖς

203 2563 256 2664 ἐφ’
281 2559 303 2640 ά
328 2567 577 2663 συνεληλυθότες
604 2561 694 2664 ἦσαν,
725 2564 905 2662 άνέγνωστο
928 2564 957 2640 δ
982 2567 1000 2640 δ
1022 2567 1127 2663 λόγος,
1160 2573 1357 2664 έπηνημένος
1389 2562 1419 2638 δ’

201 2667 239 2768 ἦν
267 2681 324 2745 καὶ
353 2678 609 2768 τεθορυβημένος
636 2683 692 2746 καὶ
721 2673 898 2770 τετυχηκὼς
927 2663 1033 2766 ὧνπερ
1063 2676 1094 2746 oi
1125 2678 1359 2768 κατορθοῦντες
1387 2677 1421 2744 ἐν

202 2790 275 2864 ταῖς
291 2783 496 2866 ἐπιδείξεσιν.
528 2776 683 2851 ἁπάντων
698 2784 735 2852 δὲ
749 2780 868 2852 τούτων
884 2785 1171 2871 ἐπιτετελεσμένων
1192 2781 1223 2851 oi
1245 2785 1305 2869 μὲν
1326 2773 1421 2850 ditor

203 2890 382 2978 διελέγοντο
406 2883 490 2979 πρὸς
513 2889 600 2980 σφοῖς
622 2880 745 2972 αὐτούς,
769 2891 865 2981 δῆλον
888 2882 938 2958 ὅτι
961 2891 1037 2979 περὶ
1052 2891 1116 2958 τῶν
1131 2880 1418 2980 άναγνωσθέντων·

203 2982 239 3062 δν
267 2985 296 3062 δ’
322 2995 358 3076 ἐξ
385 2985 481 3083 ἀρχῆς
513 2989 802 3086 μετεπεμψάμεθα
836 2990 1029 3082 σύμβουλον,
1066 2989 1122 3062 τὸν
1144 2992 1420 3080 Λακεδαιμονίων
1525 3057 1526 3062 ,

203 3100 383 3190 ἐπαινέτην,
413 3093 497 3190 πρὸς
523 3086 558 3166 ὃν
587 3100 691 3167 πλείω
721 3101 890 3190 διελέχθην
912 3101 969 3169 τοῦ
991 3101 1135 3184 δέοντος,
1168 3094 1296 3190 σιωπὴν
1319 3125 1418 3187 ποιη-

204 3200 341 3291 σάμενος
377 3207 434 3271 καί
463 3198 547 3294 πρὸς
577 3205 635 3291 ἐμὲ
662 3205 791 3294 βλέψας
820 3195 955 3295 άπορεῖν
986 3205 1127 3298 ἔφασκεν
1156 3196 1173 3272 b'
1202 3233 1236 3273 τι
1269 3198 1420 3295 χρήσεται
1525 3249 1526 3266 ι

202 3317 274 3390 τοῖς
300 3310 467 3400 παροῦσιν,
500 3316 576 3380 haee
606 3315 709 3379 omnia
737 3316 803 3378 tam
840 3314 962 3380 definite
992 3335 1046 3399 per
1073 3319 1175 3398 partes
1205 3315 1421 3380 deseribuntur
1525 3377 1526 3386 ,

203 3424 239 3484 ut
266 3440 314 3485 res
344 3439 413 3484 vere
442 3420 548 3496 saetae,
580 3440 641 3484 non
670 3420 758 3484 fiotas
789 3424 820 3484 et
849 3421 1011 3485 simulatas
1037 3422 1126 3486 nobis
1149 3422 1267 3486 narrari
1290 3420 1419 3486 eluoeat.

205 3526 292 3606 Quod
319 3526 403 3590 idem
432 3526 563 3590 effioitur
591 3545 627 3590 ex
650 3527 747 3608 priore
774 3526 981 3608 disputatione
1011 3545 1083 3591 oum
1106 3526 1252 3609 disoipulo
1274 3526 1420 3589 instituta

205 3631 258 3714 (ᾓὲ
282 3630 484 3717 202-228),
528 3651 589 3713 qua
625 3632 708 3696 huno
743 3631 854 3697 merita
891 3632 1202 3697 Lacedaemoniomm
1238 3631 1421 3696 laudantem
1525 3679 1526 3694 ,

203 3738 352 3818 magister
382 3736 531 3813 confutat,
559 3739 664 3819 utpote
695 3756 774 3820 quae
804 3740 869 3801 toto
893 3737 1010 3818 dialogo
1034 3737 1160 3801 oonfioto
1187 3755 1312 3819 prorsus
1335 3736 1422 3800 vide-

203 3844 329 3907 deretur
351 3861 585 3923 supervacanea.
632 3842 775 3925 Namque
799 3843 825 3906 si
847 3846 992 3925 putemus
1007 3842 1174 3906 Isooratem
1196 3843 1262 3906 fieti
1277 3843 1421 3924 disoipuli

203 3949 309 4012 fiotam
338 3947 622 4029 interpretationem
651 3949 778 4012 orationi
809 3948 983 4013 adiunxisse
1012 3967 1073 4030 qua
1101 3948 1243 4029 iniquum
1266 3947 1304 4011 de
1326 3948 1423 4011 Laee-

204 4054 374 4118 daemoniis
408 4052 557 4116 iudioium
595 4057 819 4136 oompensaret,
855 4053 1003 4135 quidnam
1037 4055 1096 4117 sibi
1124 4054 1252 4118 voluerit
1285 4052 1420 4116 eundem

204 4158 390 4242 disoipulum
412 4159 633 4224 contradixisse
656 4162 686 4223 et
708 4159 865 4224 uberrima
881 4160 1015 4222 oratione
1038 4177 1057 4222 a
1080 4178 1112 4223 se
1135 4158 1327 4222 confutatum
1350 4175 1420 4220 esse
