3102 4696
745 181 784 243 15

157 391 265 472 nysius
288 389 581 464 Halicarnassensis,
612 390 664 471 qui
695 409 833 472 expresse
863 391 1040 472 pronuntiet
1062 409 1098 454 ex
1121 391 1197 454 urbe
1219 391 1376 472 Mytilenis

157 496 354 560 Aristotelem
377 514 409 559 sc
432 496 599 559 contulisse
622 495 662 557 ad
678 495 855 578 Philippum
877 515 982 576 regem
1006 495 1105 577 (epist.
1129 496 1169 560 ad
1190 497 1376 560 Ammacum

155 603 171 664 I
195 603 213 665 5
237 621 266 683 p.
291 602 354 664 727
384 620 430 682 sq.
466 586 522 661 ἐντ’
544 587 713 680 Ἐοβούλου
734 586 885 683 ἄρχοντος
913 595 960 676 εἰς
986 591 1169 686 Μυτιλήνην
1192 597 1375 688 ἐχωρίσθη·

157 703 321 770 ἐκεῖθεν
344 702 381 768 δὲ
397 694 481 789 πρὸς
498 700 672 768 Φίλιππον
686 691 797 791 ἤρχετο
812 696 896 768 κατὰ
914 697 1111 769 Πυθόδοτον
1131 691 1267 792 ἄρχοντα
1282 706 1375 791 κτλ).

156 813 324 892 Dionysius
347 805 463 892 etipse
492 813 598 874 auctor
621 816 668 875 est
697 813 898 892 gravissimus
926 815 1018 893 atque
1047 813 1086 875 in
1101 812 1321 895 perpendendis
1344 815 1376 878 ct

161 916 323 996 seligendis
346 917 476 980 aliorum
499 917 734 981 auctoritatibus
757 916 1020 998 diligentissimus
1045 936 1184 998 quaeque
1207 918 1245 980 de
1260 918 1378 981 Aristo-

159 1023 227 1085 telis
250 1022 313 1085 vita
335 1025 442 1085 narrat
464 1023 484 1086 l.
507 1040 532 1086 ο.
549 1023 726 1104 Apollodoro
749 1023 946 1104 potissimum
969 1023 1071 1087 deberi
1094 1025 1222 1104 apparet
1235 1027 1262 1098 ¹3
1293 1042 1378 1105 pror-

158 1147 211 1190 sus
235 1128 319 1190 euim
342 1128 451 1191 eadem
474 1128 662 1209 totidemque
692 1130 766 1209 quot
795 1128 845 1191 hic
867 1131 1005 1209 tempora
1035 1146 1071 1192 ac
1094 1148 1142 1192 res
1165 1129 1218 1193 ille
1240 1129 1376 1205 tradidit,

159 1251 291 1314 quorum
313 1233 459 1296 nonnulla
481 1233 508 1296 is
531 1234 633 1308 solus,
661 1235 814 1315 quantum
841 1253 896 1296 nos
920 1232 1044 1314 quidem
1067 1253 1247 1314 cognoscere
1269 1253 1378 1317 possu-

157 1356 239 1413 mus,
262 1338 428 1402 memoriae
451 1338 636 1420 prodiderat,
660 1339 755 1401 veluti
777 1338 948 1420 philosophi
970 1339 1002 1400 iu
1017 1339 1152 1402 Lesbum
1171 1339 1308 1403 insulam
1328 1340 1375 1405 Ol.

160 1443 268 1518 loeo
292 1442 472 1506 discessum.
527 1442 587 1507 Sed
619 1439 747 1506 ἐκεῖθεν
776 1443 852 1506 illud
875 1443 1039 1507 verisimile
1061 1447 1109 1507 est
1135 1445 1238 1527 ipsum
1260 1445 1378 1526 Diony-

157 1547 249 1623 sium,
273 1548 345 1630 quia
368 1549 575 1624 Aristotelem,
599 1552 766 1630 antequam
795 1567 814 1612 a
836 1548 974 1630 Philippo
1005 1549 1038 1612 in
1061 1549 1273 1614 Macedoniam
1296 1554 1378 1616 esset

160 1656 297 1729 vocatus,
320 1653 478 1736 Mytilenis
501 1655 560 1717 alio
582 1655 754 1736 profectum
769 1673 835 1718 esse
858 1654 1009 1718 traditum
1025 1672 1180 1736 nusquam
1202 1656 1377 1733 invenisset,

160 1758 276 1838 optima
297 1758 366 1834 fide,
389 1759 443 1822 sed
466 1759 606 1841 cupidius
630 1759 791 1823 addidisse.
844 1759 1011 1840 Utcunque
1042 1778 1111 1824 vero
1141 1779 1191 1824 res
1219 1780 1251 1825 se
1274 1763 1376 1837 hahet,

162 1865 242 1926 certe
266 1864 316 1946 qui
338 1863 477 1946 Dionysii
500 1865 600 1928 verbis
623 1865 683 1928 uisi
707 1865 893 1928 sententiam
916 1884 935 1928 a
959 1863 1119 1947 Spengelio
1142 1868 1173 1930 et
1188 1866 1378 1931 Teichmuel-

159 1968 220 2031 lero
241 1970 395 2050 prolatam
423 1970 599 2051 improbant
627 1970 758 2033 nimium
791 1970 933 2052 ponderis
967 1971 1028 2034 illis
1057 1971 1206 2035 tribuunt.
1257 1972 1378 2036 Eleon-

158 2075 250 2138 trario
282 2074 379 2152 enim,
410 2075 556 2156 quoniam
586 2095 691 2139 ueram
720 2095 787 2139 esse
816 2076 939 2139 illorum
971 2076 1178 2140 coniecturam
1206 2096 1301 2158 quam
1323 2097 1378 2160 pro

159 2180 311 2261 explorato
335 2181 512 2245 habendum
534 2185 616 2246 esset
644 2200 738 2262 supra
766 2180 907 2256 vidimus,
931 2181 1002 2245 licet
1024 2181 1064 2244 ad
1092 2200 1128 2244 ea
1152 2201 1230 2263 quae
1253 2183 1291 2247 de
1315 2183 1377 2247 vita
1433 2179 1436 2184 ’

158 2303 194 2348 ao
216 2286 404 2368 temporibus
420 2286 592 2350 Aristotelis
614 2285 685 2349 inde
709 2285 892 2362 efficiuntur,
915 2288 951 2348 ut
978 2305 1057 2367 quae
1084 2287 1182 2368 posita
1206 2289 1268 2352 sint
1290 2290 1376 2353 testi-

158 2389 262 2452 monio
286 2391 433 2472 acquahs,
449 2391 622 2472 Apollodori
643 2391 850 2454 narrationem
874 2391 1015 2472 supplere
1038 2395 1069 2455 et
1091 2393 1240 2472 corrigere
1262 2412 1379 2457 memo-

157 2495 238 2558 riam
260 2494 408 2577 Diouysii.
454 2496 563 2578 Itaque
586 2495 786 2560 statuendum
809 2497 858 2560 est
879 2496 1108 2579 philosophum,
1139 2498 1323 2579 priusquam
1344 2500 1376 2562 in

158 2598 370 2664 Macedoniam
400 2603 481 2665 esset
508 2603 650 2677 vocatus,
678 2599 835 2682 Mytilenis
858 2602 995 2665 Athenas
1029 2602 1144 2666 redisse
1174 2602 1233 2684 (Ol.
1260 2605 1373 2680 109,1

158 2704 283 2785 Lycisco
306 2707 462 2790 archonte)
478 2707 582 2789 ibique
598 2707 719 2771 scholas
741 2707 886 2771 habuisse
908 2725 1007 2788 usque
1029 2707 1069 2770 ad
1091 2708 1185 2772 finem
1208 2707 1375 2784 01.109,2

159 2810 215 2891 (ε
231 2809 341 2894 atala)
357 2813 377 2874 ².

244 2915 466 2981 Teichmucller
495 2918 589 2981 etiam
619 2918 674 2999 qui
703 2917 766 2981 siut
795 2918 854 2981 duo
883 2918 931 2981 re]
961 2920 1023 2981 tres
1053 2918 1098 2982 illi
1130 2917 1270 3001 discipuli
1300 2939 1376 3002 quos

158 3038 220 3083 una
252 3039 325 3084 cum
353 3022 503 3086 maledico
533 3041 587 3085 suo
620 3022 793 3086 aduersario
822 3023 916 3086 trisse
945 3023 1095 3087 Isocrates
1125 3028 1232 3088 narrat
1272 3027 1303 3108 (ξ
1336 3028 1376 3088 18

157 3126 241 3209 τρεῖς
270 3111 290 3212 ἢ
321 3122 470 3210 τέτταρες
502 3122 566 3189 τῶν
594 3115 751 3213 ἀγελαίαν
791 3122 968 3213 σοφιστῶν)
1002 3129 1121 3192 studuit
1158 3130 1341 3212 investigare
1354 3134 1375 3196 ³.

157 3231 199 3294 At
221 3232 360 3312 quaestio
383 3235 449 3296 tam
472 3233 589 3309 inanis,
620 3252 699 3314 quae
722 3234 814 3297 certis
837 3233 956 3297 indiciis
980 3253 1040 3297 non
1063 3235 1196 3312 nitatur,
1228 3255 1376 3316 magnam

157 3335 282 3400 laudem
305 3338 417 3402 habere
439 3339 557 3420 nequit.
602 3339 702 3403 Multo
724 3339 835 3403 melius
861 3357 895 3402 eo
922 3339 1037 3403 meruit
1064 3339 1115 3404 ille
1146 3341 1227 3422 quod
1249 3343 1283 3405 iu
1310 3343 1377 3424 ipsa

247 3567 255 3596 ¹
283 3563 324 3618 Cf.
348 3565 381 3619 H.
406 3565 479 3619 Diels
503 3565 659 3631 Chronolog.
694 3566 929 3636 Uutersuchungen
962 3568 1025 3621 liber
1053 3567 1208 3636 Apollodors
1238 3569 1374 3624 Chronica.

158 3649 252 3706 Rheio.
272 3651 339 3705 Mus.
359 3652 377 3706 f.
396 3652 493 3707 Philol.
512 3653 602 3706 XXXI
620 3654 711 3722 (1876)
729 3671 753 3722 p.
772 3655 807 3708 43
819 3669 857 3722 sq.

246 3757 342 3810 auum
367 3757 493 3825 Athenis,
516 3775 566 3811 nou
590 3758 723 3826 Mytilenis
748 3759 775 3812 iu
799 3759 976 3812 Macedoniam
1001 3761 1143 3827 profectum
1172 3777 1228 3814 esse
1253 3760 1375 3816 Stahrius

156 3843 210 3897 iarn
229 3844 379 3911 suspicatus
397 3848 455 3899 erat
471 3861 501 3898 ex
519 3846 604 3899 verbis
622 3861 689 3913 quae
707 3862 737 3899 ex
755 3846 868 3913 epistula
890 3847 923 3900 ab
941 3848 998 3914 ipso
1016 3847 1157 3901 Aristotele
1181 3849 1278 3916 scripta
1299 3851 1377 3904 affert

155 3930 305 3984 Demetrius
328 3931 360 3986 de
385 3932 477 3986 elocuti.
497 3935 531 3987 29
552 3935 603 3987 154
626 3927 678 4004 ἐγώ
701 3937 752 4001 μὲν
772 3927 899 3998 Ἀθηνῶν
924 3936 960 3989 εἰς
983 3931 1118 4006 Στάγειρα
1142 3922 1230 4001 ἦλθον
1255 3932 1301 3988 δια
1325 3933 1374 3990 τὸν

155 4017 271 4086 βασιλέα
288 4013 338 4070 τὸν
354 4025 447 4089 μέγαν,
468 4024 495 4072 ἐκ
513 4019 544 4072 δὲ
562 4026 720 4092 Σταγείρων
743 4022 779 4076 εἰς
797 4015 917 4087 Ἀθήνας
935 4016 980 4074 διὰ
996 4022 1116 4090 χειμῶνα
1141 4018 1190 4074 τὸν
1207 4029 1293 4096 μέγαν
1311 4026 1373 4094 (vid.

155 4105 238 4158 Stahr
260 4107 413 4161 Aristotelia
430 4107 444 4160 1
462 4125 487 4176 p.
502 4109 552 4164 105
570 4107 631 4162 adn.
650 4111 674 4162 2.
695 4140 727 4148 -
747 4109 789 4164 Cf.
809 4109 894 4162 Zeller
912 4110 960 4167 112
978 4125 1004 4176 p.
1023 4111 1066 4164 23.
1084 4110 1143 4164 adri.
1162 4113 1198 4180 2.)

229 4215 241 4246 ²⁸
258 4211 288 4268 L.
308 4228 328 4271 ο,
347 4230 373 4280 p.
392 4215 443 4270 267
458 4229 513 4282 sqq.
