3102 4696
717 172 926 268 Aa„

207 384 364 446 conventu
388 382 459 445 inde
482 381 676 461 cognoscitur
699 381 778 461 quod
810 380 841 444 in
865 383 961 464 priore
978 383 1127 445 [socrates
1143 384 1312 445 ceterorum
1334 382 1430 445 laudi·
1517 419 1518 456 5

211 488 269 551 bus
293 507 354 552 non
377 491 538 552 contentus
562 506 634 551 eum
649 487 734 551 iubet
749 487 822 569 quid
839 488 896 551 sibi
911 488 1052 552 videatur
1074 487 1112 552 de
1134 487 1269 552 oratione
1291 488 1424 570 prodere,
1517 477 1518 550 Ϊ

207 594 241 657 in
263 593 437 676 posteriore,
461 611 497 658 ea
520 593 587 676 ipsa
602 593 640 656 de
656 611 750 656 causa
765 596 932 658 convocata
954 596 990 657 ut
1012 593 1191 658 deliberatio
1213 593 1300 658 fieret
1322 595 1426 658 utrum
1517 591 1518 628 r

210 700 307 763 oratio
330 699 448 764 edenda
471 701 553 764 esset
575 717 680 774 necne,
704 699 787 762 solus
809 699 859 762 ille
882 698 1050 781 discipulus
1066 698 1201 780 longiore
1223 699 1427 781 disputatione

209 824 304 869 suum
335 806 373 870 de
402 805 543 886 magistri
577 805 712 869 oratione
734 804 885 869 iudicium
906 805 1028 887 profert.
1083 804 1116 869 Si
1139 824 1226 886 porro
1249 808 1428 887 reputamus

210 911 379 1003 Isocratem
407 913 532 975 tantum
561 910 724 976 concedere
755 911 946 975 auctoritatis
981 910 1129 993 discipulo
1159 913 1210 987 ut,
1241 929 1429 992 quamquam

210 1017 285 1082 nihil
308 1017 413 1081 offensi
437 1017 499 1080 sint
520 1018 614 1082 ceteri
636 1017 781 1093 oratione,
804 1020 909 1080 tamen
932 1017 1090 1097 confugiat
1105 1016 1144 1080 ad
1167 1017 1234 1081 eius
1257 1017 1428 1092 arbitrium,

210 1127 242 1188 et
265 1124 344 1187 tanti
367 1141 439 1186 eum
462 1123 625 1188 aestimare
648 1122 786 1187 videmus
804 1122 944 1204 discipuli
961 1122 1145 1187 sententiam
1162 1124 1199 1186 ut
1213 1125 1320 1205 postea
1337 1122 1428 1186 addat

210 1228 482 1294 contradictionem
511 1229 577 1292 eius
607 1228 736 1293 orationi
765 1247 855 1303 suae,
885 1247 957 1292 eum
986 1227 1078 1292 huius
1105 1228 1267 1311 praecipue
1290 1228 1428 1311 discipuli

202 1329 359 1400 iudicium
382 1335 562 1416 expetivisse
584 1335 616 1398 in
639 1337 782 1416 promptu
803 1333 925 1398 videtur
947 1353 1023 1399 esse.
1078 1333 1146 1398 Etsi
1172 1335 1256 1398 hune
1286 1334 1429 1398 instituta

210 1441 521 1505 Lacedaemoniorum
550 1440 731 1504 laudantem
762 1442 863 1504 orator
893 1439 991 1522 primo
1015 1440 1126 1504 aeriter
1157 1440 1291 1522 repellit,
1328 1443 1428 1504 tamen

210 1547 410 1612 eontradictio
433 1547 498 1610 eius
522 1549 646 1610 tantum
668 1546 696 1610 ei
717 1547 801 1610 valet
830 1549 867 1610 ut
895 1546 986 1610 rebus
1016 1545 1115 1610 denuo
1144 1564 1251 1610 secum
1280 1546 1428 1629 reputatis

212 1671 317 1716 coram
340 1652 483 1716 omnibus
507 1652 662 1734 discipulis
693 1671 725 1716 se
753 1651 848 1715 nimis
870 1651 1059 1734 vituperasse
1082 1652 1341 1716 Lacedaemonios
1364 1671 1430 1716 oon·

211 1758 301 1822 cedat
330 1759 362 1822 et
396 1776 431 1822 er
461 1758 584 1823 arbitrio
617 1759 682 1822 eius
711 1759 908 1840 potissimum
937 1757 1067 1839 pendere
1097 1759 1171 1823 velit
1192 1761 1301 1822 utrum
1326 1758 1430 1823 edatur

211 1863 306 1928 oratio
321 1882 426 1928 necne.
472 1863 514 1928 llt
529 1883 563 1928 eo
577 1864 681 1928 minus
705 1863 821 1927 mirum
844 1867 891 1928 est
908 1862 1077 1928 Isocratem
1100 1883 1132 1928 re
1155 1863 1254 1928 denuo
1270 1863 1428 1946 diligenter

211 1989 359 2052 perpensa
389 1970 522 2034 sensisse
553 1988 649 2051 aequo
679 1969 814 2050 iniquius
844 1989 876 2034 se
904 1970 1078 2051 disputasse
1108 1972 1214 2034 eontra
1246 1969 1426 2053 discipulum
1517 2019 1518 2028 ,

212 2075 302 2156 quod,
332 2077 369 2139 ut
401 2075 465 2156 ipse
488 2075 585 2156 §232
609 2075 709 2139 verbis
742 2061 808 2138 οὐδ’
842 2064 963 2156 ὁμοίως
984 2077 1054 2151 τοῖς
1076 2060 1201 2153 ἄλλοις,
1231 2075 1295 2140 soil.
1322 2059 1428 2139 tare·
1517 2091 1518 2156 ἢ

211 2175 345 2266 bagdas,
377 2181 492 2245 indicat
523 2180 578 2262 (cf.
595 2181 612 2263 g
629 2182 721 2262 239),
752 2181 811 2245 alio
841 2183 977 2263 tempore
1005 2181 1087 2246 idem
1115 2181 1266 2246 iudicium
1296 2181 1371 2246 tulit
1395 2180 1428 2244 de
1517 2269 1518 2276 ἵ

214 2286 524 2350 Lacedaemoniorum
553 2305 586 2351 re
615 2287 738 2369 publica
761 2306 927 2369 eorumque
957 2287 1107 2352 institutis
1131 2287 1214 2369 quod
1237 2287 1322 2352 ille1.
1369 2287 1429 2350 Ma·

303 2551 374 2604 1Ita
392 2549 520 2618 Areopag.
545 2552 561 2619 ἐ
580 2551 612 2606 61
633 2550 861 2620 Lacedaemonios,
884 2551 952 2620 quod
971 2551 1068 2619 optimo
1086 2551 1203 2604 civitatis
1224 2553 1296 2605 statu
1316 2552 1427 2616 utantur,

214 2638 291 2692 laude
309 2638 385 2691 effert
410 2637 653 2707 (Λακεδαιμονίους
669 2636 798 2690 κάλλιστα
816 2637 1046 2708 πολιτευομένους)
1071 2641 1097 2692 et
1115 2638 1217 2692 Nicocl.
1244 2639 1314 2707 §24
1333 2639 1427 2709 (Λακε-

213 2725 366 2795 δαιμονίους
384 2719 445 2781 τοὺς
464 2720 561 2796 ἄριστα
583 2725 640 2778 τῶν
657 2719 789 2792 Ἑλλήνων
806 2725 1042 2796 πολιτευομένους).
1081 2727 1186 2781 Virtute
1205 2743 1247 2781 eos
1265 2727 1341 2780 sedes
1359 2741 1427 2780 octu-

213 2830 289 2881 passe
307 2815 333 2866 in
352 2813 530 2882 Peloponneso
548 2813 683 2882 praedicat
695 2815 822 2883 Areopag.
842 2817 886 2884 §7
907 2811 1135 2884 (Λακεδαιμόνιοί
1149 2835 1181 2866 τε
1197 2809 1229 2867 τὸ
1247 2819 1298 2883 μὲν
1315 2806 1427 2868 παλαιὸν

214 2906 242 2952 ἐκ
260 2899 369 2971 φαύλων
386 2908 430 2953 καὶ
448 2902 585 2954 ταπεινῶν
608 2899 713 2955 πόλεων
735 2895 903 2974 ὁρμηθέντες
926 2897 972 2955 διὰ
994 2897 1026 2954 τὸ
1050 2899 1194 2974 σωφρόνως
1220 2902 1268 2969 ζῆν
1286 2909 1331 2954 καὶ
1351 2920 1426 2972 στρα-

213 2989 340 3044 τιωτικῶς
358 2995 490 3058 κατέσχον
510 2987 738 3059 Πελοπόννησον).
776 2990 885 3046 Eosdem
905 2991 1003 3044 virtute
1027 2989 1058 3044 de
1077 2989 1183 3044 Graecis
1207 2991 1305 3059 optime
1326 2989 1427 3044 meritos

212 3093 267 3131 esse
286 3076 350 3130 dicit
368 3076 465 3147 Paneg.
485 3080 501 3146 ξ
520 3080 553 3132 73
582 3079 636 3147 (καὶ
659 3077 752 3147 μηδεὶς
777 3079 882 3131 οἰέσθω
908 3072 937 3147 μ’
961 3071 1069 3150 ἀγνοεῖν
1092 3071 1136 3130 δ’τι
1153 3084 1197 3130 καὶ
1216 3073 1424 3147 Λακεδαιμόνιοι

212 3170 275 3236 περὶ
293 3160 353 3220 τοὺς
370 3163 475 3236 καιροὺς
492 3163 601 3222 τούτους
619 3165 726 3220 πολλῶν
744 3159 861 3238 ἀγαθῶν
884 3167 967 3219 αἴτιοι
985 3173 1041 3222 τοῖς
1054 3160 1181 3232 Ἕλλησιν
1197 3165 1378 3234 κατέστησαν)
1399 3165 1423 3216 eb

214 3253 365 3308 Archidam.
385 3254 425 3308 52.
445 3284 479 3292 —
498 3254 585 3323 Atque
602 3271 681 3309 eausa
699 3271 745 3308 cur
762 3259 850 3308 orator
867 3256 893 3308 in
913 3253 1105 3310 Panathenaico
1130 3257 1183 3310 tarn
1203 3254 1371 3309 vehementer
1387 3253 1422 3306 in-

213 3341 325 3396 vehatur
342 3341 368 3395 in
388 3341 602 3397 Lacedaemonios
620 3343 716 3411 partim
737 3343 796 3396 inde
814 3342 954 3410 repetenda
971 3343 1075 3397 videtur
1093 3359 1148 3396 esse
1171 3342 1240 3411 quod
1259 3343 1386 3397 contentio
1403 3338 1423 3392 ei

213 3432 254 3485 est
270 3446 327 3484 eum
348 3446 434 3484 eorum
460 3430 694 3500 praedicatoribus,
717 3430 813 3498 partim
839 3431 950 3485 fortasse
974 3447 1004 3484 ex
1030 3431 1146 3485 consiliis
1170 3430 1282 3499 publicis
1306 3447 1371 3499 quae
1387 3426 1424 3481 illi

213 3521 270 3572 tum
289 3520 416 3586 ceperant.
458 3517 527 3572 Nam
551 3519 583 3571 iis
606 3518 671 3587 ipsis
695 3519 855 3588 temporibus
880 3519 975 3587 quibus
1002 3518 1212 3574 Panathenaicus
1236 3518 1367 3573 confectus
1388 3515 1423 3568 est

213 3606 409 3661 Lacedaemonii
429 3604 591 3674 Philippum,
610 3622 696 3676 regem
715 3606 898 3675 Macedonum,
921 3607 966 3674 qui
988 3624 1056 3660 anno
1075 3608 1127 3662 344
1145 3624 1160 3660 a
1179 3606 1315 3660 Messeniis
1339 3605 1421 3660 eontra

213 3695 355 3763 Spartanos
379 3695 477 3749 auxilio
500 3697 606 3748 vocatus
631 3694 691 3747 inde
714 3693 747 3748 ab
770 3711 799 3748 eo
823 3696 937 3762 tempore
960 3710 987 3747 se
1011 3695 1087 3748 rebus
1106 3696 1132 3747 in
1152 3693 1328 3762 Peloponneso
1346 3690 1421 3762 gestis

211 3783 382 3851 immisceret,
406 3783 490 3836 hostis
515 3799 622 3836 numero
640 3782 735 3836 habere
760 3785 898 3851 coeperant
927 3781 987 3851 (vid.
1008 3781 1130 3836 Schaeier
1156 3782 1419 3837 Demosthenem.

212 3871 275 3925 Zeit.
295 3870 345 3925 vol.
365 3871 393 3923 II
411 3887 436 3938 p.
450 3871 520 3939 331),
562 3870 634 3937 Quae
658 3885 699 3923 res
717 3871 832 3924 animum
857 3870 981 3924 Isocratis
1003 3870 1131 3925 alienaret
1149 3887 1165 3925 a
1183 3869 1319 3938 Spartanis
1341 3869 1419 3934 iisque

212 3957 337 4012 offensum
356 3957 476 4012 redderet
497 3960 554 4012 erat
577 3973 694 4025 neccsse;
717 3974 777 4010 nam
801 3961 893 4012 notum
917 3961 957 4012 est
981 3960 1109 4013 oratorem
1132 3957 1289 4012 confidenter
1312 3965 1418 4026 sperasse

213 4044 366 4114 Philippum
392 4047 502 4100 internis
530 4045 666 4099 discordiis
690 4043 787 4098 sedatis
814 4046 896 4099 totius
921 4045 1044 4100 Graeciae
1071 4046 1162 4100 ducem
1190 4047 1280 4100 eontra
1303 4043 1417 4098 barbaros

212 4134 273 4187 tore.
311 4132 368 4199 Qua
386 4133 418 4186 de
436 4149 515 4187 eausa
539 4132 661 4202 Spartani
686 4133 801 4186 consiliis
824 4134 894 4202 regis
918 4137 1078 4188 occurrentes
1104 4151 1135 4188 ex
1158 4133 1289 4188 sententia
1306 4125 1417 4186 Isocratis

214 4220 292 4274 saluti
312 4221 395 4274 totius
414 4218 537 4274 Graeciae
554 4220 769 4289 impedimentum
787 4221 936 4276 afferebant.
