<?xml version="1.0" encoding="UTF-8"?>
<!DOCTYPE html PUBLIC "-//W3C//DTD XHTML 1.0 Transitional//EN"
    "http://www.w3.org/TR/xhtml1/DTD/xhtml1-transitional.dtd">
<html xmlns="http://www.w3.org/1999/xhtml" xml:lang="en" lang="en">
 <head>
  <title>
</title>
<meta http-equiv="Content-Type" content="text/html;charset=utf-8" />
  <meta name='ocr-system' content='tesseract 3.04.00' />
  <meta name='ocr-capabilities' content='ocr_page ocr_carea ocr_par ocr_line ocrx_word'/>
</head>
<body>
  <div class='ocr_page' id='page_1' title='image "./deisocratispana00brangoog_0054.png"; bbox 0 0 3102 4696; ppageno 0'>
   <div class='ocr_carea' id='block_1_1' title="bbox 142 150 1368 4009">
    <p class='ocr_par' dir='ltr' id='par_1_1' title="bbox 735 150 844 212">
     <span class='ocr_line' id='line_1_1' title="bbox 735 150 844 212; baseline -0.028 0"><span class='ocrx_word' id='word_1_1' title='bbox 735 150 776 212; x_wconf 84' lang='lat'>45</span> <span class='ocrx_word' id='word_1_2' title='bbox 842 205 844 209; x_wconf 85' lang='lat'>.</span> 
     </span>
    </p>

    <p class='ocr_par' dir='ltr' id='par_1_2' title="bbox 142 353 1368 4009">
     <span class='ocr_line' id='line_1_2' title="bbox 149 353 1365 444; baseline 0.002 -24"><span class='ocrx_word' id='word_1_3' title='bbox 149 356 337 444; x_wconf 78' lang='grc' dir='ltr'><em>δημηγορεῖν</em></span> <span class='ocrx_word' id='word_1_4' title='bbox 357 353 560 442; x_wconf 77' lang='grc' dir='ltr'><strong><em>τολμῶντας)</em></strong></span> <span class='ocrx_word' id='word_1_5' title='bbox 585 362 617 423; x_wconf 91' lang='lat' dir='ltr'>et</span> <span class='ocrx_word' id='word_1_6' title='bbox 638 377 691 441; x_wconf 92' lang='lat' dir='ltr'>pro</span> <span class='ocrx_word' id='word_1_7' title='bbox 717 359 824 422; x_wconf 89' lang='lat' dir='ltr'>rostris</span> <span class='ocrx_word' id='word_1_8' title='bbox 848 361 903 422; x_wconf 89' lang='lat' dir='ltr'>aut</span> <span class='ocrx_word' id='word_1_9' title='bbox 931 358 1087 440; x_wconf 87' lang='lat' dir='ltr'>sibiipsis</span> <span class='ocrx_word' id='word_1_10' title='bbox 1117 358 1161 422; x_wconf 90' lang='lat' dir='ltr'>ait</span> <span class='ocrx_word' id='word_1_11' title='bbox 1183 358 1365 422; x_wconf 87' lang='lat' dir='ltr'>maledicere</span> 
     </span>
     <span class='ocr_line' id='line_1_3' title="bbox 148 462 1365 545; baseline 0 -19"><span class='ocrx_word' id='word_1_12' title='bbox 148 465 186 528; x_wconf 92' lang='lat' dir='ltr'>de</span> <span class='ocrx_word' id='word_1_13' title='bbox 209 464 407 528; x_wconf 70' lang='lat' dir='ltr'><strong>satisdatione</strong></span> <span class='ocrx_word' id='word_1_14' title='bbox 431 467 486 528; x_wconf 90' lang='lat' dir='ltr'>aut</span> <span class='ocrx_word' id='word_1_15' title='bbox 509 465 605 528; x_wconf 90' lang='lat' dir='ltr'>socios</span> <span class='ocrx_word' id='word_1_16' title='bbox 628 483 735 528; x_wconf 84' lang='lat' dir='ltr'>vexare</span> <span class='ocrx_word' id='word_1_17' title='bbox 768 468 823 528; x_wconf 89' lang='lat' dir='ltr'>aut</span> <span class='ocrx_word' id='word_1_18' title='bbox 853 465 982 527; x_wconf 91' lang='lat' dir='ltr'>aliorum</span> <span class='ocrx_word' id='word_1_19' title='bbox 1005 464 1176 545; x_wconf 87' lang='lat' dir='ltr'>quemlibet</span> <span class='ocrx_word' id='word_1_20' title='bbox 1198 463 1230 527; x_wconf 90' lang='lat' dir='ltr'>in</span> <span class='ocrx_word' id='word_1_21' title='bbox 1253 462 1365 527; x_wconf 87' lang='lat' dir='ltr'>falsam</span> 
     </span>
     <span class='ocr_line' id='line_1_4' title="bbox 149 554 1367 655; baseline -0.002 -23"><span class='ocrx_word' id='word_1_22' title='bbox 149 570 352 651; x_wconf 75' lang='lat' dir='ltr'>suspitionem</span> <span class='ocrx_word' id='word_1_23' title='bbox 386 569 537 634; x_wconf 76' lang='lat' dir='ltr'>adducere</span> <span class='ocrx_word' id='word_1_24' title='bbox 572 569 610 651; x_wconf 63' lang='grc' dir='ltr'>(ἓ</span> <span class='ocrx_word' id='word_1_25' title='bbox 635 571 674 632; x_wconf 89' lang='grc'>13</span> <span class='ocrx_word' id='word_1_26' title='bbox 705 559 779 644; x_wconf 83' lang='grc' dir='ltr'><strong><em>τοὺς</em></strong></span> <span class='ocrx_word' id='word_1_27' title='bbox 808 565 867 649; x_wconf 81' lang='grc' dir='ltr'><strong><em>μὲν</em></strong></span> <span class='ocrx_word' id='word_1_28' title='bbox 897 554 917 655; x_wconf 78' lang='grc' dir='ltr'><strong><em>ἡ</em></strong></span> <span class='ocrx_word' id='word_1_29' title='bbox 946 564 1209 654; x_wconf 81' lang='grc' dir='ltr'><strong><em>λοιδορουμένους</em></strong></span> <span class='ocrx_word' id='word_1_30' title='bbox 1232 564 1266 630; x_wconf 87' lang='grc' dir='ltr'><strong><em>ἐν</em></strong></span> <span class='ocrx_word' id='word_1_31' title='bbox 1294 570 1367 644; x_wconf 89' lang='grc' dir='ltr'><strong><em>ταῖς</em></strong></span> 
     </span>
     <span class='ocr_line' id='line_1_5' title="bbox 149 659 1367 760; baseline -0.001 -24"><span class='ocrx_word' id='word_1_32' title='bbox 149 668 336 760; x_wconf 80' lang='grc' dir='ltr'><strong><em>ἐκκλησίαις</em></strong></span> <span class='ocrx_word' id='word_1_33' title='bbox 369 672 447 759; x_wconf 82' lang='grc' dir='ltr'><strong><em>περὶ</em></strong></span> <span class='ocrx_word' id='word_1_34' title='bbox 480 664 740 760; x_wconf 76' lang='grc' dir='ltr'><strong><em>μεσεγγυήματος</em></strong></span> <span class='ocrx_word' id='word_1_35' title='bbox 774 669 889 760; x_wconf 90' lang='grc' dir='ltr'><strong><em>σφίσιν</em></strong></span> <span class='ocrx_word' id='word_1_36' title='bbox 922 659 1032 750; x_wconf 88' lang='grc' dir='ltr'><strong><em>αύτοῖς</em></strong></span> <span class='ocrx_word' id='word_1_37' title='bbox 1064 659 1085 759; x_wconf 77' lang='grc' dir='ltr'><strong><em>ἡ</em></strong></span> <span class='ocrx_word' id='word_1_38' title='bbox 1118 670 1367 755; x_wconf 80' lang='grc' dir='ltr'><strong><em>λυμαινομένους</em></strong></span> 
     </span>
     <span class='ocr_line' id='line_1_6' title="bbox 146 762 1366 866; baseline 0.002 -24"><span class='ocrx_word' id='word_1_39' title='bbox 146 770 221 854; x_wconf 86' lang='grc' dir='ltr'><strong><em>τούς</em></strong></span> <span class='ocrx_word' id='word_1_40' title='bbox 242 769 427 860; x_wconf 85' lang='grc' dir='ltr'><strong><em>συμμάχους</em></strong></span> <span class='ocrx_word' id='word_1_41' title='bbox 446 765 467 864; x_wconf 75' lang='grc' dir='ltr'>’ἡ</span> <span class='ocrx_word' id='word_1_42' title='bbox 486 775 551 841; x_wconf 84' lang='grc' dir='ltr'>τῶν</span> <span class='ocrx_word' id='word_1_43' title='bbox 568 764 673 842; x_wconf 80' lang='grc' dir='ltr'><strong><em>άλλων</em></strong></span> <span class='ocrx_word' id='word_1_44' title='bbox 688 762 723 841; x_wconf 73' lang='grc' dir='ltr'><strong><em>ὃν</em></strong></span> <span class='ocrx_word' id='word_1_45' title='bbox 738 765 778 842; x_wconf 73' lang='lat' dir='ltr'>do</span> <span class='ocrx_word' id='word_1_46' title='bbox 791 769 910 860; x_wconf 87' lang='grc' dir='ltr'><strong><em>τύχαισι</em></strong></span> <span class='ocrx_word' id='word_1_47' title='bbox 926 775 1226 866; x_wconf 75' lang='grc' dir='ltr'><strong><em>συκοφαντοῦντας).</em></strong></span> <span class='ocrx_word' id='word_1_48' title='bbox 1264 781 1366 860; x_wconf 83' lang='lat' dir='ltr'>Atque</span> 
     </span>
     <span class='ocr_line' id='line_1_7' title="bbox 147 884 1367 967; baseline 0 -20"><span class='ocrx_word' id='word_1_49' title='bbox 147 885 240 948; x_wconf 88' lang='lat' dir='ltr'>huius</span> <span class='ocrx_word' id='word_1_50' title='bbox 264 885 389 966; x_wconf 92' lang='lat' dir='ltr'>quidem</span> <span class='ocrx_word' id='word_1_51' title='bbox 411 885 640 967; x_wconf 77' lang='lat' dir='ltr'>vituperationis</span> <span class='ocrx_word' id='word_1_52' title='bbox 663 885 747 948; x_wconf 89' lang='lat' dir='ltr'>locus</span> <span class='ocrx_word' id='word_1_53' title='bbox 771 885 849 949; x_wconf 89' lang='lat' dir='ltr'>alter</span> <span class='ocrx_word' id='word_1_54' title='bbox 871 888 902 949; x_wconf 89' lang='lat' dir='ltr'>ot</span> <span class='ocrx_word' id='word_1_55' title='bbox 924 885 1034 949; x_wconf 88' lang='lat' dir='ltr'>tertius</span> <span class='ocrx_word' id='word_1_56' title='bbox 1064 884 1260 966; x_wconf 80' lang='lat' dir='ltr'>probabiliter</span> <span class='ocrx_word' id='word_1_57' title='bbox 1283 903 1367 966; x_wconf 92' lang='lat' dir='ltr'>speo-</span> 
     </span>
     <span class='ocr_line' id='line_1_8' title="bbox 146 989 1366 1072; baseline -0.002 -18"><span class='ocrx_word' id='word_1_58' title='bbox 146 993 217 1054; x_wconf 89' lang='lat' dir='ltr'>tant</span> <span class='ocrx_word' id='word_1_59' title='bbox 246 990 286 1053; x_wconf 93' lang='lat' dir='ltr'>ad</span> <span class='ocrx_word' id='word_1_60' title='bbox 313 990 466 1055; x_wconf 86' lang='lat' dir='ltr'>illustrem</span> <span class='ocrx_word' id='word_1_61' title='bbox 497 1008 566 1054; x_wconf 89' lang='lat' dir='ltr'>cam</span> <span class='ocrx_word' id='word_1_62' title='bbox 595 989 760 1054; x_wconf 83' lang='lat' dir='ltr'>factionem</span> <span class='ocrx_word' id='word_1_63' title='bbox 789 991 878 1054; x_wconf 93' lang='lat' dir='ltr'>cuius</span> <span class='ocrx_word' id='word_1_64' title='bbox 909 990 1048 1072; x_wconf 89' lang='lat' dir='ltr'>princeps</span> <span class='ocrx_word' id='word_1_65' title='bbox 1077 990 1298 1055; x_wconf 84' lang='lat' dir='ltr'>Demosthenes</span> <span class='ocrx_word' id='word_1_66' title='bbox 1328 989 1366 1052; x_wconf 90' lang='lat' dir='ltr'>iis</span> 
     </span>
     <span class='ocr_line' id='line_1_9' title="bbox 146 1094 1363 1178; baseline 0 -20"><span class='ocrx_word' id='word_1_67' title='bbox 146 1096 336 1177; x_wconf 86' lang='lat' dir='ltr'>temporibus</span> <span class='ocrx_word' id='word_1_68' title='bbox 360 1095 484 1159; x_wconf 86' lang='lat' dir='ltr'>assidue</span> <span class='ocrx_word' id='word_1_69' title='bbox 508 1095 548 1158; x_wconf 91' lang='lat' dir='ltr'>ad</span> <span class='ocrx_word' id='word_1_70' title='bbox 571 1095 686 1159; x_wconf 88' lang='lat' dir='ltr'>bellum</span> <span class='ocrx_word' id='word_1_71' title='bbox 709 1098 815 1159; x_wconf 90' lang='lat' dir='ltr'>contra</span> <span class='ocrx_word' id='word_1_72' title='bbox 829 1095 1017 1178; x_wconf 80' lang='lat' dir='ltr'>Philippum,</span> <span class='ocrx_word' id='word_1_73' title='bbox 1033 1114 1135 1174; x_wconf 84' lang='lat' dir='ltr'>regem</span> <span class='ocrx_word' id='word_1_74' title='bbox 1152 1094 1363 1170; x_wconf 87' lang='lat' dir='ltr'>Macedonum,</span> 
     </span>
     <span class='ocr_line' id='line_1_10' title="bbox 146 1200 1366 1281; baseline -0.001 -18"><span class='ocrx_word' id='word_1_75' title='bbox 146 1201 317 1280; x_wconf 85' lang='lat' dir='ltr'>gerendum</span> <span class='ocrx_word' id='word_1_76' title='bbox 339 1201 420 1264; x_wconf 87' lang='lat' dir='ltr'>cives</span> <span class='ocrx_word' id='word_1_77' title='bbox 443 1201 613 1275; x_wconf 80' lang='lat' dir='ltr'>excitabat,</span> <span class='ocrx_word' id='word_1_78' title='bbox 643 1200 675 1263; x_wconf 93' lang='lat' dir='ltr'>id</span> <span class='ocrx_word' id='word_1_79' title='bbox 705 1200 786 1280; x_wconf 92' lang='lat' dir='ltr'>quod</span> <span class='ocrx_word' id='word_1_80' title='bbox 808 1200 962 1264; x_wconf 91' lang='lat' dir='ltr'>indicatur</span> <span class='ocrx_word' id='word_1_81' title='bbox 984 1201 1030 1264; x_wconf 86' lang='lat' dir='ltr'>vel</span> <span class='ocrx_word' id='word_1_82' title='bbox 1053 1201 1091 1264; x_wconf 91' lang='lat' dir='ltr'>iis</span> <span class='ocrx_word' id='word_1_83' title='bbox 1114 1218 1193 1281; x_wconf 86' lang='lat' dir='ltr'>quae</span> <span class='ocrx_word' id='word_1_84' title='bbox 1216 1200 1366 1264; x_wconf 87' lang='lat' dir='ltr'>Isocrates</span> 
     </span>
     <span class='ocr_line' id='line_1_11' title="bbox 145 1304 1367 1386; baseline 0.002 -19"><span class='ocrx_word' id='word_1_85' title='bbox 145 1304 183 1369; x_wconf 89' lang='lat' dir='ltr'>do</span> <span class='ocrx_word' id='word_1_86' title='bbox 215 1306 279 1369; x_wconf 88' lang='lat' dir='ltr'>suis</span> <span class='ocrx_word' id='word_1_87' title='bbox 311 1305 472 1369; x_wconf 89' lang='lat' dir='ltr'>contrariis</span> <span class='ocrx_word' id='word_1_88' title='bbox 502 1305 612 1369; x_wconf 87' lang='lat' dir='ltr'>studiis</span> <span class='ocrx_word' id='word_1_89' title='bbox 643 1305 705 1367; x_wconf 91' lang='lat' dir='ltr'>illis</span> <span class='ocrx_word' id='word_1_90' title='bbox 735 1305 875 1386; x_wconf 92' lang='lat' dir='ltr'>opponit,</span> <span class='ocrx_word' id='word_1_91' title='bbox 907 1305 988 1368; x_wconf 93' lang='lat' dir='ltr'>unde</span> <span class='ocrx_word' id='word_1_92' title='bbox 1020 1323 1053 1368; x_wconf 88' lang='lat' dir='ltr'>se</span> <span class='ocrx_word' id='word_1_93' title='bbox 1083 1305 1210 1370; x_wconf 88' lang='lat' dir='ltr'>meliora</span> <span class='ocrx_word' id='word_1_94' title='bbox 1240 1305 1367 1369; x_wconf 85' lang='lat' dir='ltr'>suadere</span> 
     </span>
     <span class='ocr_line' id='line_1_12' title="bbox 144 1397 1367 1495; baseline -0.002 -21"><span class='ocrx_word' id='word_1_95' title='bbox 144 1411 228 1474; x_wconf 80' lang='lat' dir='ltr'>cives</span> <span class='ocrx_word' id='word_1_96' title='bbox 251 1413 438 1490; x_wconf 73' lang='lat' dir='ltr'>cognoscant</span> <span class='ocrx_word' id='word_1_97' title='bbox 461 1409 545 1491; x_wconf 85' lang='lat' dir='ltr'>(ibid.</span> <span class='ocrx_word' id='word_1_98' title='bbox 570 1405 628 1490; x_wconf 81' lang='grc' dir='ltr'>ἐμὲ</span> <span class='ocrx_word' id='word_1_99' title='bbox 651 1405 688 1472; x_wconf 86' lang='grc' dir='ltr'><strong><em>δέ</em></strong></span> <span class='ocrx_word' id='word_1_100' title='bbox 711 1405 775 1472; x_wconf 83' lang='grc' dir='ltr'>τῶν</span> <span class='ocrx_word' id='word_1_101' title='bbox 796 1399 898 1493; x_wconf 85' lang='grc' dir='ltr'><strong><em>λύγων</em></strong></span> <span class='ocrx_word' id='word_1_102' title='bbox 927 1397 1067 1495; x_wconf 75' lang='grc' dir='ltr'><strong><em>ἡγεμόνα</em></strong></span> <span class='ocrx_word' id='word_1_103' title='bbox 1095 1399 1216 1472; x_wconf 88' lang='grc' dir='ltr'><strong><em>τούτων</em></strong></span> <span class='ocrx_word' id='word_1_104' title='bbox 1244 1431 1367 1494; x_wconf 77' lang='grc' dir='ltr'><strong><em>γεγενη-</em></strong></span> 
     </span>
     <span class='ocr_line' id='line_1_13' title="bbox 142 1501 1368 1600; baseline 0 -24"><span class='ocrx_word' id='word_1_105' title='bbox 142 1512 241 1595; x_wconf 83' lang='grc' dir='ltr'><strong><em>μένον</em></strong></span> <span class='ocrx_word' id='word_1_106' title='bbox 262 1511 325 1577; x_wconf 84' lang='grc' dir='ltr'><strong><em>τῶν</em></strong></span> <span class='ocrx_word' id='word_1_107' title='bbox 347 1503 620 1600; x_wconf 73' lang='grc' dir='ltr'><strong><em>παρακαλούντων</em></strong></span> <span class='ocrx_word' id='word_1_108' title='bbox 643 1504 717 1590; x_wconf 84' lang='grc' dir='ltr'><strong><em>τούς</em></strong></span> <span class='ocrx_word' id='word_1_109' title='bbox 733 1501 889 1600; x_wconf 77' lang='grc' dir='ltr'><strong><em>Ἕλληνας</em></strong></span> <span class='ocrx_word' id='word_1_110' title='bbox 912 1509 972 1576; x_wconf 80' lang='grc' dir='ltr'><strong><em>ἐντί</em></strong></span> <span class='ocrx_word' id='word_1_111' title='bbox 993 1535 1028 1577; x_wconf 92' lang='grc' dir='ltr'>τε</span> <span class='ocrx_word' id='word_1_112' title='bbox 1049 1504 1106 1600; x_wconf 89' lang='grc' dir='ltr'><strong><em>τὴν</em></strong></span> <span class='ocrx_word' id='word_1_113' title='bbox 1129 1508 1296 1599; x_wconf 83' lang='grc' dir='ltr'><strong><em>στρατείαν</em></strong></span> <span class='ocrx_word' id='word_1_114' title='bbox 1311 1502 1368 1600; x_wconf 83' lang='grc' dir='ltr'><strong><em>τὴν</em></strong></span> 
     </span>
     <span class='ocr_line' id='line_1_14' title="bbox 145 1609 1367 1705; baseline 0.001 -23"><span class='ocrx_word' id='word_1_115' title='bbox 145 1616 205 1683; x_wconf 80' lang='grc' dir='ltr'>ἐπὶ</span> <span class='ocrx_word' id='word_1_116' title='bbox 221 1609 296 1696; x_wconf 84' lang='grc' dir='ltr'><strong><em>τοὺς</em></strong></span> <span class='ocrx_word' id='word_1_117' title='bbox 310 1610 516 1705; x_wconf 75' lang='grc' dir='ltr'><strong><em>βαρβάρους).</em></strong></span> <span class='ocrx_word' id='word_1_118' title='bbox 555 1620 615 1684; x_wconf 87' lang='lat' dir='ltr'>Hic</span> <span class='ocrx_word' id='word_1_119' title='bbox 636 1620 719 1685; x_wconf 92' lang='lat' dir='ltr'>enim</span> <span class='ocrx_word' id='word_1_120' title='bbox 741 1619 853 1684; x_wconf 89' lang='lat' dir='ltr'>callida</span> <span class='ocrx_word' id='word_1_121' title='bbox 874 1619 1007 1701; x_wconf 91' lang='lat' dir='ltr'>Philippi</span> <span class='ocrx_word' id='word_1_122' title='bbox 1023 1620 1148 1684; x_wconf 88' lang='lat' dir='ltr'>consilia</span> <span class='ocrx_word' id='word_1_123' title='bbox 1164 1620 1208 1684; x_wconf 91' lang='lat' dir='ltr'>ita</span> <span class='ocrx_word' id='word_1_124' title='bbox 1225 1638 1285 1684; x_wconf 92' lang='lat' dir='ltr'>non</span> <span class='ocrx_word' id='word_1_125' title='bbox 1299 1637 1367 1701; x_wconf 87' lang='lat' dir='ltr'>per·</span> 
     </span>
     <span class='ocr_line' id='line_1_15' title="bbox 145 1723 1368 1807; baseline 0 -19"><span class='ocrx_word' id='word_1_126' title='bbox 145 1725 245 1807; x_wconf 85' lang='lat' dir='ltr'>spexit</span> <span class='ocrx_word' id='word_1_127' title='bbox 263 1727 300 1788; x_wconf 91' lang='lat' dir='ltr'>ut</span> <span class='ocrx_word' id='word_1_128' title='bbox 319 1743 389 1789; x_wconf 90' lang='lat' dir='ltr'>eam</span> <span class='ocrx_word' id='word_1_129' title='bbox 409 1743 487 1807; x_wconf 89' lang='lat' dir='ltr'>quae</span> <span class='ocrx_word' id='word_1_130' title='bbox 510 1725 568 1789; x_wconf 90' lang='lat' dir='ltr'>sibi</span> <span class='ocrx_word' id='word_1_131' title='bbox 582 1725 715 1788; x_wconf 84' lang='lat' dir='ltr'>maxime</span> <span class='ocrx_word' id='word_1_132' title='bbox 730 1726 942 1790; x_wconf 88' lang='lat' dir='ltr'>obversaretur</span> <span class='ocrx_word' id='word_1_133' title='bbox 956 1725 1118 1789; x_wconf 86' lang='lat' dir='ltr'>universae</span> <span class='ocrx_word' id='word_1_134' title='bbox 1135 1723 1280 1789; x_wconf 83' lang='lat' dir='ltr'>Graeciae</span> <span class='ocrx_word' id='word_1_135' title='bbox 1295 1743 1368 1788; x_wconf 92' lang='lat' dir='ltr'>con-</span> 
     </span>
     <span class='ocr_line' id='line_1_16' title="bbox 144 1829 1368 1912; baseline -0.002 -18"><span class='ocrx_word' id='word_1_136' title='bbox 144 1831 320 1894; x_wconf 87' lang='lat' dir='ltr'>sensionem</span> <span class='ocrx_word' id='word_1_137' title='bbox 342 1829 416 1894; x_wconf 89' lang='lat' dir='ltr'>belli</span> <span class='ocrx_word' id='word_1_138' title='bbox 441 1832 547 1894; x_wconf 89' lang='lat' dir='ltr'>contra</span> <span class='ocrx_word' id='word_1_139' title='bbox 569 1830 716 1894; x_wconf 88' lang='lat' dir='ltr'>barbaros</span> <span class='ocrx_word' id='word_1_140' title='bbox 735 1829 859 1910; x_wconf 85' lang='lat' dir='ltr'>gerendi</span> <span class='ocrx_word' id='word_1_141' title='bbox 881 1829 968 1893; x_wconf 89' lang='lat' dir='ltr'>illum</span> <span class='ocrx_word' id='word_1_142' title='bbox 986 1829 1194 1912; x_wconf 87' lang='lat' dir='ltr'>perfecturum</span> <span class='ocrx_word' id='word_1_143' title='bbox 1211 1847 1277 1894; x_wconf 88' lang='lat' dir='ltr'>esse</span> <span class='ocrx_word' id='word_1_144' title='bbox 1297 1847 1368 1892; x_wconf 93' lang='lat' dir='ltr'>con·</span> 
     </span>
     <span class='ocr_line' id='line_1_17' title="bbox 145 1933 1368 2017; baseline -0.001 -19"><span class='ocrx_word' id='word_1_145' title='bbox 145 1935 276 1999; x_wconf 88' lang='lat' dir='ltr'>fidenter</span> <span class='ocrx_word' id='word_1_146' title='bbox 288 1937 424 2017; x_wconf 89' lang='lat' dir='ltr'>speraret</span> <span class='ocrx_word' id='word_1_147' title='bbox 435 1936 520 2000; x_wconf 88' lang='lat' dir='ltr'>salva</span> <span class='ocrx_word' id='word_1_148' title='bbox 533 1935 895 2000; x_wconf 88' lang='lat' dir='ltr'>scilicetAtheniensium</span> <span class='ocrx_word' id='word_1_149' title='bbox 905 1935 1056 2000; x_wconf 89' lang='lat' dir='ltr'>libertate.</span> <span class='ocrx_word' id='word_1_150' title='bbox 1077 1933 1178 2014; x_wconf 79' lang='lat' dir='ltr'>Quare</span> <span class='ocrx_word' id='word_1_151' title='bbox 1188 1934 1368 1999; x_wconf 90' lang='lat' dir='ltr'>Demosthe·</span> 
     </span>
     <span class='ocr_line' id='line_1_18' title="bbox 145 2039 1368 2123; baseline -0.002 -19"><span class='ocrx_word' id='word_1_152' title='bbox 145 2059 201 2104; x_wconf 88' lang='lat' dir='ltr'>nos</span> <span class='ocrx_word' id='word_1_153' title='bbox 222 2040 348 2122; x_wconf 88' lang='lat' dir='ltr'>eiusque</span> <span class='ocrx_word' id='word_1_154' title='bbox 369 2041 469 2116; x_wconf 88' lang='lat' dir='ltr'>amici,</span> <span class='ocrx_word' id='word_1_155' title='bbox 486 2042 540 2122; x_wconf 90' lang='lat' dir='ltr'>qui</span> <span class='ocrx_word' id='word_1_156' title='bbox 562 2040 676 2123; x_wconf 90' lang='lat' dir='ltr'>coeptis</span> <span class='ocrx_word' id='word_1_157' title='bbox 692 2041 774 2120; x_wconf 86' lang='lat' dir='ltr'>regis</span> <span class='ocrx_word' id='word_1_158' title='bbox 793 2043 987 2104; x_wconf 87' lang='lat' dir='ltr'>occurrerent</span> <span class='ocrx_word' id='word_1_159' title='bbox 1003 2043 1034 2104; x_wconf 90' lang='lat' dir='ltr'>et</span> <span class='ocrx_word' id='word_1_160' title='bbox 1049 2039 1132 2103; x_wconf 89' lang='lat' dir='ltr'>dolos</span> <span class='ocrx_word' id='word_1_161' title='bbox 1148 2039 1368 2120; x_wconf 87' lang='lat' dir='ltr'>machinasque</span> 
     </span>
     <span class='ocr_line' id='line_1_19' title="bbox 146 2140 1367 2232; baseline -0.002 -24"><span class='ocrx_word' id='word_1_162' title='bbox 146 2145 212 2208; x_wconf 91' lang='lat' dir='ltr'>eius</span> <span class='ocrx_word' id='word_1_163' title='bbox 229 2145 390 2227; x_wconf 89' lang='lat' dir='ltr'>aperirent,</span> <span class='ocrx_word' id='word_1_164' title='bbox 412 2140 630 2232; x_wconf 80' lang='grc' dir='ltr'><strong><em>συκοφαντίας</em></strong></span> <span class='ocrx_word' id='word_1_165' title='bbox 650 2163 787 2210; x_wconf 81' lang='lat' dir='ltr'>exercere</span> <span class='ocrx_word' id='word_1_166' title='bbox 805 2145 832 2208; x_wconf 91' lang='lat' dir='ltr'>ei</span> <span class='ocrx_word' id='word_1_167' title='bbox 846 2144 1039 2209; x_wconf 84' lang='lat' dir='ltr'>videbantur.</span> <span class='ocrx_word' id='word_1_168' title='bbox 1078 2142 1245 2208; x_wconf 74' lang='lat' dir='ltr'>(licitatum</span> <span class='ocrx_word' id='word_1_169' title='bbox 1262 2147 1367 2208; x_wconf 87' lang='lat' dir='ltr'>autem</span> 
     </span>
     <span class='ocr_line' id='line_1_20' title="bbox 145 2249 1366 2331; baseline -0.002 -18"><span class='ocrx_word' id='word_1_170' title='bbox 145 2249 374 2314; x_wconf 87' lang='lat' dir='ltr'>foederatarum</span> <span class='ocrx_word' id='word_1_171' title='bbox 402 2251 573 2314; x_wconf 83' lang='lat' dir='ltr'>vexationes</span> <span class='ocrx_word' id='word_1_172' title='bbox 603 2250 713 2314; x_wconf 91' lang='lat' dir='ltr'>iisdem</span> <span class='ocrx_word' id='word_1_173' title='bbox 744 2249 860 2314; x_wconf 88' lang='lat' dir='ltr'>obicere</span> <span class='ocrx_word' id='word_1_174' title='bbox 883 2250 982 2331; x_wconf 90' lang='lat' dir='ltr'>potuit</span> <span class='ocrx_word' id='word_1_175' title='bbox 1004 2252 1120 2325; x_wconf 88' lang='lat' dir='ltr'>orator,</span> <span class='ocrx_word' id='word_1_176' title='bbox 1151 2249 1222 2330; x_wconf 90' lang='lat' dir='ltr'>quia</span> <span class='ocrx_word' id='word_1_177' title='bbox 1251 2249 1366 2313; x_wconf 85' lang='lat' dir='ltr'>milites</span> 
     </span>
     <span class='ocr_line' id='line_1_21' title="bbox 146 2353 1366 2436; baseline -0.001 -17"><span class='ocrx_word' id='word_1_178' title='bbox 146 2355 348 2421; x_wconf 88' lang='lat' dir='ltr'>mercennarii</span> <span class='ocrx_word' id='word_1_179' title='bbox 370 2355 418 2418; x_wconf 88' lang='lat' dir='ltr'>his</span> <span class='ocrx_word' id='word_1_180' title='bbox 441 2354 515 2436; x_wconf 87' lang='lat' dir='ltr'>ipsis</span> <span class='ocrx_word' id='word_1_181' title='bbox 540 2355 715 2419; x_wconf 89' lang='lat' dir='ltr'>auctoribus</span> <span class='ocrx_word' id='word_1_182' title='bbox 738 2353 881 2418; x_wconf 88' lang='lat' dir='ltr'>instructi</span> <span class='ocrx_word' id='word_1_183' title='bbox 904 2373 976 2418; x_wconf 91' lang='lat' dir='ltr'>cum</span> <span class='ocrx_word' id='word_1_184' title='bbox 999 2354 1112 2418; x_wconf 90' lang='lat' dir='ltr'>damno</span> <span class='ocrx_word' id='word_1_185' title='bbox 1135 2356 1167 2419; x_wconf 91' lang='lat' dir='ltr'>et</span> <span class='ocrx_word' id='word_1_186' title='bbox 1189 2353 1366 2436; x_wconf 85' lang='lat' dir='ltr'>spoliatione</span> 
     </span>
     <span class='ocr_line' id='line_1_22' title="bbox 147 2458 1366 2541; baseline -0.001 -19"><span class='ocrx_word' id='word_1_187' title='bbox 147 2460 286 2541; x_wconf 90' lang='lat' dir='ltr'>ipsorum</span> <span class='ocrx_word' id='word_1_188' title='bbox 308 2460 543 2524; x_wconf 85' lang='lat' dir='ltr'>Atheniensium</span> <span class='ocrx_word' id='word_1_189' title='bbox 567 2459 718 2523; x_wconf 88' lang='lat' dir='ltr'>sociomm</span> <span class='ocrx_word' id='word_1_190' title='bbox 742 2459 996 2523; x_wconf 87' lang='lat' dir='ltr'>sustentabantur</span> <span class='ocrx_word' id='word_1_191' title='bbox 1017 2459 1067 2541; x_wconf 86' lang='lat' dir='ltr'>(cl.</span> <span class='ocrx_word' id='word_1_192' title='bbox 1088 2459 1248 2523; x_wconf 87' lang='lat' dir='ltr'>Demosth.</span> <span class='ocrx_word' id='word_1_193' title='bbox 1264 2458 1308 2521; x_wconf 93' lang='lat' dir='ltr'>IV</span> <span class='ocrx_word' id='word_1_194' title='bbox 1324 2459 1366 2521; x_wconf 83' lang='lat'>24</span> 
     </span>
     <span class='ocr_line' id='line_1_23' title="bbox 147 2545 1368 2650; baseline -0.001 -24"><span class='ocrx_word' id='word_1_195' title='bbox 147 2559 185 2642; x_wconf 87' lang='grc' dir='ltr'>ἐξ</span> <span class='ocrx_word' id='word_1_196' title='bbox 206 2545 242 2628; x_wconf 82' lang='grc' dir='ltr'>ού</span> <span class='ocrx_word' id='word_1_197' title='bbox 265 2551 295 2626; x_wconf 75' lang='grc' dir='ltr'>δ’Ι</span> <span class='ocrx_word' id='word_1_198' title='bbox 318 2551 398 2627; x_wconf 81' lang='grc' dir='ltr'><strong><em>αύτά</em></strong></span> <span class='ocrx_word' id='word_1_199' title='bbox 420 2551 500 2628; x_wconf 80' lang='grc' dir='ltr'><strong><em>καθ’</em></strong></span> <span class='ocrx_word' id='word_1_200' title='bbox 519 2552 599 2627; x_wconf 76' lang='lat' dir='ltr'>adad</span> <span class='ocrx_word' id='word_1_201' title='bbox 628 2554 669 2627; x_wconf 87' lang='grc' dir='ltr'><strong><em>τὰ</em></strong></span> <span class='ocrx_word' id='word_1_202' title='bbox 692 2553 799 2642; x_wconf 81' lang='grc' dir='ltr'><strong><em>ξενικά</em></strong></span> <span class='ocrx_word' id='word_1_203' title='bbox 821 2552 896 2649; x_wconf 89' lang='grc' dir='ltr'><strong><em>ἡμῖν</em></strong></span> <span class='ocrx_word' id='word_1_204' title='bbox 919 2553 1124 2648; x_wconf 77' lang='grc' dir='ltr'><strong><em>στρατεύεται</em></strong></span> <span class='ocrx_word' id='word_1_205' title='bbox 1150 2553 1225 2640; x_wconf 86' lang='grc' dir='ltr'><strong><em>τούς</em></strong></span> <span class='ocrx_word' id='word_1_206' title='bbox 1254 2557 1368 2650; x_wconf 89' lang='grc' dir='ltr'><strong><em>φίλους</em></strong></span> 
     </span>
     <span class='ocr_line' id='line_1_24' title="bbox 146 2655 1366 2754; baseline 0 -24"><span class='ocrx_word' id='word_1_207' title='bbox 146 2664 222 2754; x_wconf 79' lang='grc' dir='ltr'><strong><em>νικᾷ</em></strong></span> <span class='ocrx_word' id='word_1_208' title='bbox 243 2666 300 2731; x_wconf 87' lang='grc' dir='ltr'><strong><em>καὶ</em></strong></span> <span class='ocrx_word' id='word_1_209' title='bbox 322 2660 396 2744; x_wconf 85' lang='grc' dir='ltr'><strong><em>τούς</em></strong></span> <span class='ocrx_word' id='word_1_210' title='bbox 418 2659 610 2750; x_wconf 90' lang='grc' dir='ltr'><strong><em>συμμάχους,</em></strong></span> <span class='ocrx_word' id='word_1_211' title='bbox 636 2661 668 2732; x_wconf 85' lang='grc' dir='ltr'>οῖ</span> <span class='ocrx_word' id='word_1_212' title='bbox 691 2655 720 2730; x_wconf 76' lang='grc' dir='ltr'><strong><em>δ</em></strong></span> <span class='ocrx_word' id='word_1_213' title='bbox 745 2663 859 2751; x_wconf 86' lang='grc' dir='ltr'><strong><em>ἐχθροὶ</em></strong></span> <span class='ocrx_word' id='word_1_214' title='bbox 880 2662 1024 2750; x_wconf 85' lang='grc' dir='ltr'><strong><em>μείζονες</em></strong></span> <span class='ocrx_word' id='word_1_215' title='bbox 1045 2664 1102 2731; x_wconf 81' lang='grc' dir='ltr'><strong><em>τού</em></strong></span> <span class='ocrx_word' id='word_1_216' title='bbox 1125 2665 1254 2743; x_wconf 80' lang='grc' dir='ltr'><strong><em>δέοντος</em></strong></span> <span class='ocrx_word' id='word_1_217' title='bbox 1276 2657 1366 2752; x_wconf 87' lang='grc' dir='ltr'><strong><em>γεγύ-</em></strong></span> 
     </span>
     <span class='ocr_line' id='line_1_25' title="bbox 147 2758 1366 2859; baseline 0.001 -25"><span class='ocrx_word' id='word_1_218' title='bbox 147 2790 240 2835; x_wconf 91' lang='grc' dir='ltr'><strong><em>νασιν</em></strong></span> <span class='ocrx_word' id='word_1_219' title='bbox 269 2777 300 2838; x_wconf 85' lang='lat' dir='ltr'>et</span> <span class='ocrx_word' id='word_1_220' title='bbox 328 2774 453 2838; x_wconf 83' lang='lat' dir='ltr'>Isocrat.</span> <span class='ocrx_word' id='word_1_221' title='bbox 476 2773 553 2837; x_wconf 84' lang='lat' dir='ltr'>VIII</span> <span class='ocrx_word' id='word_1_222' title='bbox 574 2774 617 2837; x_wconf 84' lang='grc'>46</span> <span class='ocrx_word' id='word_1_223' title='bbox 651 2767 699 2849; x_wconf 82' lang='grc' dir='ltr'>είς</span> <span class='ocrx_word' id='word_1_224' title='bbox 726 2769 821 2837; x_wconf 82' lang='grc' dir='ltr'><strong><em>τούτο</em></strong></span> <span class='ocrx_word' id='word_1_225' title='bbox 853 2769 890 2837; x_wconf 85' lang='grc' dir='ltr'><strong><em>δέ</em></strong></span> <span class='ocrx_word' id='word_1_226' title='bbox 918 2767 1044 2859; x_wconf 88' lang='grc' dir='ltr'><strong><em>μωρίας</em></strong></span> <span class='ocrx_word' id='word_1_227' title='bbox 1067 2764 1267 2859; x_wconf 71' lang='grc' dir='ltr'><strong><em>ἐληλύθαμεν</em></strong></span> <span class='ocrx_word' id='word_1_228' title='bbox 1289 2758 1366 2836; x_wconf 71' lang='grc' dir='ltr'><strong><em>ὥστ’</em></strong></span> 
     </span>
     <span class='ocr_line' id='line_1_26' title="bbox 148 2865 1366 2965; baseline 0 -25"><span class='ocrx_word' id='word_1_229' title='bbox 148 2865 240 2940; x_wconf 83' lang='grc' dir='ltr'><strong><em>αύτοὶ</em></strong></span> <span class='ocrx_word' id='word_1_230' title='bbox 268 2873 328 2960; x_wconf 86' lang='grc' dir='ltr'><strong><em>μέν</em></strong></span> <span class='ocrx_word' id='word_1_231' title='bbox 358 2875 476 2954; x_wconf 77' lang='grc' dir='ltr'><strong><em>ἐνδεεῖς</em></strong></span> <span class='ocrx_word' id='word_1_232' title='bbox 504 2874 568 2940; x_wconf 81' lang='grc' dir='ltr'>τῶν</span> <span class='ocrx_word' id='word_1_233' title='bbox 598 2865 679 2941; x_wconf 71' lang='grc' dir='ltr'><strong><em>καθ’</em></strong></span> <span class='ocrx_word' id='word_1_234' title='bbox 702 2866 822 2964; x_wconf 78' lang='grc' dir='ltr'><strong><em>ἡμέραν</em></strong></span> <span class='ocrx_word' id='word_1_235' title='bbox 845 2874 950 2959; x_wconf 82' lang='grc' dir='ltr'><strong><em>ἐσμέν,</em></strong></span> <span class='ocrx_word' id='word_1_236' title='bbox 975 2877 1176 2965; x_wconf 83' lang='grc' dir='ltr'><strong><em>ξενοτροφεῖν</em></strong></span> <span class='ocrx_word' id='word_1_237' title='bbox 1199 2866 1228 2941; x_wconf 71' lang='grc' dir='ltr'>δ’</span> <span class='ocrx_word' id='word_1_238' title='bbox 1253 2873 1366 2940; x_wconf 82' lang='grc' dir='ltr'><strong><em>ἐπικε-</em></strong></span> 
     </span>
     <span class='ocr_line' id='line_1_27' title="bbox 146 2969 1367 3069; baseline -0.001 -24"><span class='ocrx_word' id='word_1_239' title='bbox 146 2972 335 3069; x_wconf 77' lang='grc' dir='ltr'><strong><em>χειρήκαμεν</em></strong></span> <span class='ocrx_word' id='word_1_240' title='bbox 356 2980 412 3047; x_wconf 85' lang='grc' dir='ltr'><strong><em>καὶ</em></strong></span> <span class='ocrx_word' id='word_1_241' title='bbox 435 2973 510 3059; x_wconf 89' lang='grc' dir='ltr'><strong><em>τούς</em></strong></span> <span class='ocrx_word' id='word_1_242' title='bbox 532 2973 715 3064; x_wconf 83' lang='grc' dir='ltr'><strong><em>συμμάχους</em></strong></span> <span class='ocrx_word' id='word_1_243' title='bbox 737 2973 811 3058; x_wconf 81' lang='grc' dir='ltr'><strong><em>τούς</em></strong></span> <span class='ocrx_word' id='word_1_244' title='bbox 825 2971 996 3068; x_wconf 77' lang='grc' dir='ltr'><strong><em>ἡμετέρους</em></strong></span> <span class='ocrx_word' id='word_1_245' title='bbox 1018 2969 1121 3046; x_wconf 81' lang='grc' dir='ltr'><strong><em>αύτυῖν</em></strong></span> <span class='ocrx_word' id='word_1_246' title='bbox 1142 2972 1367 3064; x_wconf 73' lang='grc' dir='ltr'><strong><em>λυμαινόμεθα</em></strong></span> 
     </span>
     <span class='ocr_line' id='line_1_28' title="bbox 147 3074 1367 3173; baseline 0.001 -24"><span class='ocrx_word' id='word_1_247' title='bbox 147 3085 204 3150; x_wconf 86' lang='grc' dir='ltr'><strong><em>καί</em></strong></span> <span class='ocrx_word' id='word_1_248' title='bbox 236 3085 504 3173; x_wconf 74' lang='grc' dir='ltr'><strong><em>δασμολογοῦμεν,</em></strong></span> <span class='ocrx_word' id='word_1_249' title='bbox 535 3087 588 3151; x_wconf 82' lang='grc' dir='ltr'>ἵνα</span> <span class='ocrx_word' id='word_1_250' title='bbox 610 3089 681 3164; x_wconf 94' lang='grc' dir='ltr'><strong><em>τοῖς</em></strong></span> <span class='ocrx_word' id='word_1_251' title='bbox 703 3077 857 3151; x_wconf 79' lang='grc' dir='ltr'><strong><em>ἁπάντων</em></strong></span> <span class='ocrx_word' id='word_1_252' title='bbox 879 3074 1068 3173; x_wconf 84' lang='grc' dir='ltr'><strong><em>οῖνθρώττων</em></strong></span> <span class='ocrx_word' id='word_1_253' title='bbox 1089 3090 1211 3164; x_wconf 87' lang='grc' dir='ltr'><strong><em>κοινοῖς</em></strong></span> <span class='ocrx_word' id='word_1_254' title='bbox 1235 3084 1367 3173; x_wconf 85' lang='grc' dir='ltr'><strong><em>ἐχθροῖς</em></strong></span> 
     </span>
     <span class='ocr_line' id='line_1_29' title="bbox 146 3182 1366 3279; baseline 0.001 -24"><span class='ocrx_word' id='word_1_255' title='bbox 146 3182 202 3255; x_wconf 89' lang='grc' dir='ltr'>τὸν</span> <span class='ocrx_word' id='word_1_256' title='bbox 223 3183 349 3272; x_wconf 87' lang='grc' dir='ltr'><strong><em>μισθὸν</em></strong></span> <span class='ocrx_word' id='word_1_257' title='bbox 372 3187 615 3279; x_wconf 76' lang='grc' dir='ltr'><strong><em>ἐκπορίζωμεν).</em></strong></span> <span class='ocrx_word' id='word_1_258' title='bbox 663 3192 815 3272; x_wconf 83' lang='lat' dir='ltr'>Quoniam</span> <span class='ocrx_word' id='word_1_259' title='bbox 837 3193 933 3274; x_wconf 81' lang='lat' dir='ltr'>igitur</span> <span class='ocrx_word' id='word_1_260' title='bbox 964 3194 1003 3256; x_wconf 93' lang='lat' dir='ltr'>ab</span> <span class='ocrx_word' id='word_1_261' title='bbox 1026 3193 1064 3256; x_wconf 88' lang='lat' dir='ltr'>&#39;ris</span> <span class='ocrx_word' id='word_1_262' title='bbox 1087 3195 1140 3274; x_wconf 92' lang='lat' dir='ltr'>qui</span> <span class='ocrx_word' id='word_1_263' title='bbox 1163 3195 1202 3258; x_wconf 93' lang='lat' dir='ltr'>ab</span> <span class='ocrx_word' id='word_1_264' title='bbox 1225 3195 1277 3256; x_wconf 91' lang='lat' dir='ltr'>illa</span> <span class='ocrx_word' id='word_1_265' title='bbox 1300 3194 1366 3275; x_wconf 90' lang='lat' dir='ltr'>ipsa</span> 
     </span>
     <span class='ocr_line' id='line_1_30' title="bbox 147 3298 1367 3380; baseline 0.002 -20"><span class='ocrx_word' id='word_1_266' title='bbox 147 3300 236 3379; x_wconf 88' lang='lat' dir='ltr'>parte</span> <span class='ocrx_word' id='word_1_267' title='bbox 260 3299 387 3362; x_wconf 87' lang='lat' dir='ltr'>stabant</span> <span class='ocrx_word' id='word_1_268' title='bbox 409 3299 559 3364; x_wconf 87' lang='lat' dir='ltr'>Isocrates</span> <span class='ocrx_word' id='word_1_269' title='bbox 583 3298 620 3363; x_wconf 91' lang='lat' dir='ltr'>de</span> <span class='ocrx_word' id='word_1_270' title='bbox 643 3317 676 3361; x_wconf 90' lang='lat' dir='ltr'>re</span> <span class='ocrx_word' id='word_1_271' title='bbox 691 3299 814 3380; x_wconf 89' lang='lat' dir='ltr'>publica</span> <span class='ocrx_word' id='word_1_272' title='bbox 829 3299 963 3362; x_wconf 83' lang='lat' dir='ltr'>maxime</span> <span class='ocrx_word' id='word_1_273' title='bbox 979 3298 1189 3374; x_wconf 88' lang='lat' dir='ltr'>dissentiebat,</span> <span class='ocrx_word' id='word_1_274' title='bbox 1211 3300 1244 3362; x_wconf 92' lang='lat' dir='ltr'>in</span> <span class='ocrx_word' id='word_1_275' title='bbox 1260 3317 1367 3362; x_wconf 92' lang='lat' dir='ltr'>eorun-</span> 
     </span>
     <span class='ocr_line' id='line_1_31' title="bbox 147 3401 1366 3489; baseline 0 -23"><span class='ocrx_word' id='word_1_276' title='bbox 147 3402 220 3468; x_wconf 91' lang='lat' dir='ltr'>dem</span> <span class='ocrx_word' id='word_1_277' title='bbox 242 3421 369 3467; x_wconf 92' lang='lat' dir='ltr'>numero</span> <span class='ocrx_word' id='word_1_278' title='bbox 392 3404 588 3485; x_wconf 90' lang='lat' dir='ltr'>potissimum</span> <span class='ocrx_word' id='word_1_279' title='bbox 613 3404 698 3467; x_wconf 87' lang='lat' dir='ltr'>nobis</span> <span class='ocrx_word' id='word_1_280' title='bbox 721 3403 927 3484; x_wconf 87' lang='lat' dir='ltr'>investigandi</span> <span class='ocrx_word' id='word_1_281' title='bbox 958 3405 1049 3467; x_wconf 89' lang='lat' dir='ltr'>erunt</span> <span class='ocrx_word' id='word_1_282' title='bbox 1079 3403 1168 3466; x_wconf 88' lang='lat' dir='ltr'>credo</span> <span class='ocrx_word' id='word_1_283' title='bbox 1191 3401 1366 3489; x_wconf 82' lang='grc' dir='ltr'><strong><em>δημηγορολ</em></strong></span> 
     </span>
     <span class='ocr_line' id='line_1_32' title="bbox 146 3507 1366 3591; baseline 0.001 -22"><span class='ocrx_word' id='word_1_284' title='bbox 146 3507 169 3570; x_wconf 90' lang='grc'>11</span> <span class='ocrx_word' id='word_1_285' title='bbox 193 3526 312 3590; x_wconf 92' lang='lat' dir='ltr'>quoque</span> <span class='ocrx_word' id='word_1_286' title='bbox 334 3509 386 3591; x_wconf 93' lang='lat' dir='ltr'>qui</span> <span class='ocrx_word' id='word_1_287' title='bbox 408 3507 426 3590; x_wconf 61' lang='grc' dir='ltr'><strong>ἕ</strong></span> <span class='ocrx_word' id='word_1_288' title='bbox 444 3508 506 3570; x_wconf 86' lang='grc'>139</span> <span class='ocrx_word' id='word_1_289' title='bbox 524 3527 588 3590; x_wconf 91' lang='lat' dir='ltr'>sqq.</span> <span class='ocrx_word' id='word_1_290' title='bbox 619 3516 741 3590; x_wconf 89' lang='lat' dir='ltr'>propter</span> <span class='ocrx_word' id='word_1_291' title='bbox 763 3526 885 3571; x_wconf 91' lang='lat' dir='ltr'>morum</span> <span class='ocrx_word' id='word_1_292' title='bbox 906 3508 1130 3591; x_wconf 89' lang='lat' dir='ltr'>turpitudinem</span> <span class='ocrx_word' id='word_1_293' title='bbox 1152 3508 1311 3590; x_wconf 87' lang='lat' dir='ltr'>praecipue</span> <span class='ocrx_word' id='word_1_294' title='bbox 1334 3510 1366 3572; x_wconf 89' lang='lat' dir='ltr'>et</span> 
     </span>
     <span class='ocr_line' id='line_1_33' title="bbox 146 3611 1367 3695; baseline 0.001 -21"><span class='ocrx_word' id='word_1_295' title='bbox 146 3612 363 3692; x_wconf 85' lang='lat' dir='ltr'>indignitatem</span> <span class='ocrx_word' id='word_1_296' title='bbox 391 3613 587 3693; x_wconf 85' lang='lat' dir='ltr'>flagellantur</span> <span class='ocrx_word' id='word_1_297' title='bbox 618 3616 649 3678; x_wconf 91' lang='lat' dir='ltr'>et</span> <span class='ocrx_word' id='word_1_298' title='bbox 671 3612 855 3676; x_wconf 88' lang='lat' dir='ltr'>deridentur.</span> <span class='ocrx_word' id='word_1_299' title='bbox 906 3613 947 3676; x_wconf 80' lang='lat' dir='ltr'>hit</span> <span class='ocrx_word' id='word_1_300' title='bbox 969 3613 1110 3695; x_wconf 86' lang='lat' dir='ltr'>prolecto,</span> <span class='ocrx_word' id='word_1_301' title='bbox 1135 3614 1193 3676; x_wconf 91' lang='lat' dir='ltr'>etsi</span> <span class='ocrx_word' id='word_1_302' title='bbox 1216 3612 1280 3676; x_wconf 90' lang='lat' dir='ltr'>eius</span> <span class='ocrx_word' id='word_1_303' title='bbox 1303 3611 1367 3675; x_wconf 86' lang='lat' dir='ltr'>fac-</span> 
     </span>
     <span class='ocr_line' id='line_1_34' title="bbox 145 3716 1365 3800; baseline 0 -20"><span class='ocrx_word' id='word_1_304' title='bbox 145 3716 239 3780; x_wconf 89' lang='lat' dir='ltr'>tionis</span> <span class='ocrx_word' id='word_1_305' title='bbox 265 3718 403 3799; x_wconf 88' lang='lat' dir='ltr'>ipsorum</span> <span class='ocrx_word' id='word_1_306' title='bbox 433 3718 621 3800; x_wconf 83' lang='lat' dir='ltr'>principum,</span> <span class='ocrx_word' id='word_1_307' title='bbox 652 3717 868 3781; x_wconf 90' lang='lat' dir='ltr'>Demosthenis</span> <span class='ocrx_word' id='word_1_308' title='bbox 898 3722 929 3781; x_wconf 87' lang='lat' dir='ltr'>ot</span> <span class='ocrx_word' id='word_1_309' title='bbox 955 3717 1102 3799; x_wconf 82' lang='lat' dir='ltr'>Lycurgi,</span> <span class='ocrx_word' id='word_1_310' title='bbox 1126 3719 1157 3780; x_wconf 89' lang='lat' dir='ltr'>et</span> <span class='ocrx_word' id='word_1_311' title='bbox 1179 3717 1365 3781; x_wconf 87' lang='lat' dir='ltr'>abstinentia</span> 
     </span>
     <span class='ocr_line' id='line_1_35' title="bbox 147 3822 1364 3904; baseline -0.001 -19"><span class='ocrx_word' id='word_1_312' title='bbox 147 3824 178 3885; x_wconf 88' lang='lat' dir='ltr'>et</span> <span class='ocrx_word' id='word_1_313' title='bbox 201 3823 336 3903; x_wconf 87' lang='lat' dir='ltr'>probitas</span> <span class='ocrx_word' id='word_1_314' title='bbox 368 3841 461 3904; x_wconf 92' lang='lat' dir='ltr'>supra</span> <span class='ocrx_word' id='word_1_315' title='bbox 491 3841 614 3886; x_wconf 91' lang='lat' dir='ltr'>omnem</span> <span class='ocrx_word' id='word_1_316' title='bbox 646 3822 850 3904; x_wconf 85' lang='lat' dir='ltr'>suspicionem</span> <span class='ocrx_word' id='word_1_317' title='bbox 872 3823 971 3904; x_wconf 90' lang='lat' dir='ltr'>posita</span> <span class='ocrx_word' id='word_1_318' title='bbox 993 3825 1089 3898; x_wconf 87' lang='lat' dir='ltr'>crant,</span> <span class='ocrx_word' id='word_1_319' title='bbox 1115 3825 1218 3885; x_wconf 89' lang='lat' dir='ltr'>tamen</span> <span class='ocrx_word' id='word_1_320' title='bbox 1247 3840 1283 3886; x_wconf 85' lang='lat' dir='ltr'>ex</span> <span class='ocrx_word' id='word_1_321' title='bbox 1304 3822 1364 3884; x_wconf 88' lang='lat' dir='ltr'>illis</span> 
     </span>
     <span class='ocr_line' id='line_1_36' title="bbox 145 3925 1363 4009; baseline 0.001 -20"><span class='ocrx_word' id='word_1_322' title='bbox 145 3925 271 3990; x_wconf 87' lang='lat' dir='ltr'>inerunt</span> <span class='ocrx_word' id='word_1_323' title='bbox 300 3945 432 4009; x_wconf 93' lang='lat' dir='ltr'>quorum</span> <span class='ocrx_word' id='word_1_324' title='bbox 460 3946 560 3992; x_wconf 91' lang='lat' dir='ltr'>mores</span> <span class='ocrx_word' id='word_1_325' title='bbox 592 3926 755 3991; x_wconf 83' lang='lat' dir='ltr'>offensione</span> <span class='ocrx_word' id='word_1_326' title='bbox 783 3927 868 3990; x_wconf 92' lang='lat' dir='ltr'>haud</span> <span class='ocrx_word' id='word_1_327' title='bbox 890 3930 1029 3991; x_wconf 87' lang='lat' dir='ltr'>carerent</span> <span class='ocrx_word' id='word_1_328' title='bbox 1039 3931 1059 3990; x_wconf 89' lang='lat'>¹.</span> <span class='ocrx_word' id='word_1_329' title='bbox 1110 3926 1233 3990; x_wconf 79' lang='lat' dir='ltr'>Etenim</span> <span class='ocrx_word' id='word_1_330' title='bbox 1257 3927 1363 4007; x_wconf 89' lang='lat' dir='ltr'>quales</span> 
     </span>
    </p>
   </div>
   <div class='ocr_carea' id='block_1_2' title="bbox 240 4169 972 4238">
    <p class='ocr_par' dir='ltr' id='par_1_3' title="bbox 240 4169 972 4238">
     <span class='ocr_line' id='line_1_37' title="bbox 240 4169 972 4238; baseline 0 -14"><span class='ocrx_word' id='word_1_331' title='bbox 240 4177 250 4206; x_wconf 89' lang='lat'>¹</span> <span class='ocrx_word' id='word_1_332' title='bbox 268 4170 329 4227; x_wconf 86' lang='lat' dir='ltr'>vid.</span> <span class='ocrx_word' id='word_1_333' title='bbox 348 4169 472 4224; x_wconf 80' lang='lat' dir='ltr'>Sohaeior</span> <span class='ocrx_word' id='word_1_334' title='bbox 489 4170 623 4226; x_wconf 84' lang='lat' dir='ltr'>Demosth.</span> <span class='ocrx_word' id='word_1_335' title='bbox 642 4187 667 4225; x_wconf 92' lang='lat' dir='ltr'>u.</span> <span class='ocrx_word' id='word_1_336' title='bbox 686 4187 706 4224; x_wconf 88' lang='lat' dir='ltr'>s.</span> <span class='ocrx_word' id='word_1_337' title='bbox 726 4170 791 4224; x_wconf 87' lang='lat' dir='ltr'>Zeit.</span> <span class='ocrx_word' id='word_1_338' title='bbox 821 4170 850 4223; x_wconf 91' lang='grc' dir='ltr'>Π</span> <span class='ocrx_word' id='word_1_339' title='bbox 868 4186 893 4238; x_wconf 91' lang='lat' dir='ltr'>p.</span> <span class='ocrx_word' id='word_1_340' title='bbox 913 4171 972 4224; x_wconf 85' lang='lat'>312.</span> 
     </span>
    </p>
   </div>
   <div class='ocr_carea' id='block_1_3' title="bbox 0 0 1556 4696">
    <p class='ocr_par' dir='ltr' id='par_1_4' title="bbox 0 0 1556 4696">
     <span class='ocr_line' id='line_1_38' title="bbox 0 0 1556 4696; baseline 0 0"><span class='ocrx_word' id='word_1_341' title='bbox 0 0 1556 4696; x_wconf 95' lang='lat' dir='ltr'> </span> 
     </span>
    </p>
   </div>
  </div>
 </body>
</html>
