3102 4696
720 172 761 236 43

135 382 279 463 temptim
301 381 338 444 de
362 381 482 462 ingenio
505 383 571 445 eius
594 381 782 446 iudicaverat
793 385 812 446 ¹.
857 382 906 445 Ad
927 383 1051 445 inanem
1076 385 1180 446 autem
1203 383 1352 446 sermonis
1404 365 1409 374 ’

135 485 321 568 elegantiam
342 487 537 552 transtulisse
558 486 725 552 Isocratem
747 487 968 570 disputationes
989 505 1064 552 suas
1084 506 1156 551 cum
1178 487 1230 552 ille
1251 487 1354 551 existi·

133 591 279 667 manarit,
303 592 483 658 concludere
506 591 579 656 licet
601 611 674 656 eum
696 610 745 657 res
768 595 800 657 et
822 594 992 658 sententias
1015 593 1055 656 ab
1077 595 1194 656 oratore
1217 593 1353 675 prolatas

134 697 237 762 nullas
260 697 452 762 iudicavisse.
498 697 540 761 Et
561 698 696 762 manime
719 697 843 779 quidem
865 697 1072 780 philosophiae
1096 698 1227 779 speeiem
1257 715 1354 779 quam

133 801 185 866 bio
208 801 268 866 sibi
291 805 426 868 sumeret
447 803 574 867 illusam
596 821 663 868 esse
687 822 705 867 a
726 803 903 886 philosopho
919 805 1160 867 consentaneum
1175 804 1231 866 est.
1269 802 1353 866 Nam

134 925 208 972 cum
231 907 381 972 Isocrates
404 909 574 973 maximam
597 926 704 973 curam
726 911 852 992 poneret
877 909 911 971 in
934 908 1102 973 elocutione
1129 908 1352 990 praecipueque

135 1013 340 1078 arteficiosam
369 1014 531 1079 verborum
562 1016 751 1079 structuram
774 1017 935 1097 quaereret
965 1013 1058 1078 etad
1087 1031 1253 1078 numerum
1283 1031 1354 1077 con·

135 1118 312 1194 elusionem,
344 1119 425 1200 qnod
448 1120 613 1184 concinnas
643 1119 744 1201 magis
768 1120 936 1184 sententias
967 1119 1139 1200 exquireret
1169 1136 1264 1200 quam
1285 1137 1354 1201 pro-

134 1223 253 1288 babiles
275 1225 473 1306 philosophus
497 1243 551 1288 suo
574 1226 640 1290 iure
660 1226 688 1290 ei
708 1225 826 1290 obicere
845 1225 976 1307 potuita
1015 1225 1064 1288 Ab
1079 1224 1138 1288 hac
1153 1224 1353 1288 oblectatione

135 1329 264 1394 fortasse
292 1329 344 1394 ille
376 1347 442 1394 sese
471 1329 631 1394 defendere
662 1330 767 1394 studet
796 1348 870 1394 cum
903 1329 1058 1412 praedicat
1087 1347 1120 1393 se
1156 1329 1354 1394 concinnitati

134 1435 239 1498 minus
261 1453 387 1517 operam
410 1435 483 1498 dare
506 1454 601 1516 quarn
623 1437 660 1498 ut
681 1435 794 1500 virtute
817 1435 908 1516 digne
930 1436 1075 1516 loquatur
1093 1435 1186 1515 atque
1208 1434 1349 1516 prudent

134 1539 268 1621 deipsis
290 1540 382 1604 rebus
405 1539 529 1604 oonsilio
551 1540 647 1622 prosit
669 1539 686 1622 ᾗ
704 1541 746 1603 86
770 1526 883 1615 ὅπως
905 1537 926 1602 d
932 1536 948 1602 ἑ
970 1529 1115 1624 ταύτης
1138 1534 1206 1624 (τῆς
1228 1525 1352 1624 ἀρετῆς)

134 1631 258 1722 ἀξίως
288 1640 362 1730 ἐρῶ
383 1640 537 1725 μᾶλλον
571 1634 817 1723 σπουδάζων
846 1630 866 1731 ἢ
899 1640 995 1729 περὶ
1028 1634 1098 1729 τὴν
1131 1639 1201 1707 rob
1233 1633 1354 1728 λόγου

134 1745 382 1838 συμμετρίαν
409 1747 466 1814 καὶ
495 1746 596 1814 ταῦτα
626 1746 741 1836 σαφῶς
769 1739 864 1826 εἰδὼς
893 1740 949 1835 τὴν
980 1745 1041 1831 μὲν
1069 1744 1146 1834 περὶ
1177 1739 1232 1812 τὸν
1260 1738 1355 1832 λόγον

134 1841 285 1940 ἆκαιρίαν
313 1843 503 1942 ἀδοξότερον
535 1852 592 1937 ἐμὲ
623 1845 838 1942 ποιήσουσαν,
869 1844 926 1941 τὴν
955 1851 993 1919 δὲ
1021 1851 1098 1938 περὶ
1127 1843 1187 1930 τὰς
1219 1843 1355 1938 πράξεις

133 1946 300 2042 εὐβουλίαν
330 1947 443 2038 αὐτοὺς
471 1953 546 2038 τοὺς
576 1957 826 2043 ἐπαινουμένους
857 1947 1086 2048 ὥφελῆσουσαν
1113 1957 1181 2023 κτλ.
1228 1957 1272 2023 Cf.
1296 1958 1350 2041 §2

133 2053 238 2128 013νὸ
262 2052 329 2130 οὐδ’
354 2055 505 2131 ὁπωσοῦν
527 2056 601 2144 τοὺς
622 2057 800 2145 τοιούτους,
825 2067 889 2131 scil.
913 2066 1066 2130 orationes
1089 2067 1196 2129 ornate
1219 2067 1251 2129 et
1273 2067 1353 2129 arte·

134 2170 235 2236 101000
258 2173 452 2254 compositas.

226 2275 378 2355 Quoniam
398 2277 451 2359 qui
470 2277 604 2342 maxime
623 2278 655 2340 in
670 2277 804 2341 oratione
819 2276 1076 2359 impugnarentur
1090 2275 1352 2357 investigavimus,

137 2383 234 2446 restat
254 2385 291 2446 ut
310 2383 392 2447 locos
414 2383 526 2465 quibus
547 2385 704 2465 praeterea
719 2383 752 2446 in
767 2386 902 2447 oratores
919 2382 1068 2463 quosdam
1083 2383 1185 2445 orator
1199 2381 1354 2444 invehitur

137 2487 326 2568 colligamus.
371 2488 521 2554 Isocrates
547 2488 656 2570 igitur,
687 2487 739 2571 qui
767 2488 833 2570 ipse
861 2505 935 2571 prae
964 2488 1068 2551 animo
1100 2486 1207 2550 timido
1229 2474 1353 2550 ‘forensi

136 2592 204 2658 luce
227 2579 335 2657 caruit>
360 2593 410 2676 (01.
434 2594 487 2677 §9
517 2583 573 2681 τὴν
603 2589 639 2657 δὲ
668 2582 765 2681 φύσιν
793 2583 889 2669 εἰδὼς
912 2640 919 2656 .
945 2640 952 2656 .
977 2639 986 2656 .
1011 2640 1019 2656 .
1043 2585 1151 2655 εἰπεῖν
1181 2589 1258 2677 περὶ
1288 2585 1353 2654 τῶν

136 2683 240 2760 αὐτῶν
272 2688 392 2762 τούτων
425 2695 459 2762 ἐν
489 2689 632 2784 συλλὸμιμ
655 2693 785 2762 πολλῶν
813 2684 1001 2785 ἀνθρώπιον
1029 2685 1169 2760 ἁπασῶν
1191 2685 1236 2773 ὡς
1270 2689 1352 2772 ἔπος

136 2795 243 2865 εἰπεῖν
275 2789 576 2890 ἀπολελειμμένην),
611 2805 769 2870 suasiones
803 2822 876 2868 suas
910 2805 1025 2886 quanto
1058 2805 1215 2885 praestent
1249 2801 1352 2866 studet

136 2907 346 2974 demonstrare
384 2911 572 2974 orationibus
606 2910 644 2974 iis
683 2928 762 2990 quae
800 2909 843 2972 in.
870 2908 1040 2974 forensibus
1080 2907 1351 2990 disceptationibus

134 3013 317 3078 iudiciorum
347 3032 383 3079 ac
413 3015 667 3080 deliberationum
689 3017 858 3078 versentur.
903 3013 947 3078 Eo
976 3015 1082 3078 autom
1112 3013 1260 3076 maiorem
1290 3012 1349 3076 sibi

134 3117 260 3183 budam
283 3137 377 3202 quam
399 3121 437 3186 iis
461 3121 513 3204 qui
534 3121 568 3185 in
591 3121 763 3186 contionem
787 3119 954 3185 ascendant
981 3119 1139 3202 praedicat
1166 3117 1284 3194 deberi,
1313 3117 1351 3182 de

225 3329 306 3384 1Cic.
326 3330 358 3384 de
381 3333 499 3386 010135
519 3332 566 3386 141
591 3331 681 3400 itaquo
703 3332 760 3400 ipse
778 3330 932 3385 Aristoteles
958 3345 1017 3383 oum
1035 3329 1126 3383 florere
1143 3328 1285 3382 Isocratem
1303 3345 1350 3382 no·

133 3417 237 3472 bilitate
255 3417 441 3486 discipulorum
464 3417 576 3488 videret,
599 3418 669 3487 quod
692 3419 738 3472 ille
762 3435 823 3472 suas
847 3417 1038 3487 disputationes
1060 3433 1077 3471 a
1095 3416 1180 3470 causis
1203 3415 1348 3470 forensibus

133 3506 161 3558 et
178 3505 300 3559 civilibus
317 3504 351 3559 ad
369 3505 471 3559 inanem
489 3507 616 3559 sermonis
628 3504 786 3574 elegantiam
804 3506 991 3572 transtulisset,
1009 3505 1125 3558 mutavit
1142 3506 1248 3572 repente
1265 3505 1348 3556 totam

133 3591 244 3646 formam
273 3608 352 3660 prope
380 3592 531 3660 disciplinae
554 3609 618 3646 suae
644 3609 798 3662 versumque
825 3591 953 3661 quondam
981 3590 1143 3646 Philoctetae
1170 3590 1248 3658 paulo
1276 3605 1351 3644 secus

132 3677 209 3734 dixit
244 3679 296 3733 llle
314 3681 383 3734 enim
401 3682 478 3747 turpe
496 3679 547 3734 sibi
569 3681 609 3734 ait
626 3695 681 3735 esse
699 3684 783 3735 tacere
801 3696 858 3735 oum
878 3679 1016 3748 barbaros,
1040 3679 1083 3732 hie
1106 3681 1194 3732 autern
1213 3693 1272 3732 cum
1296 3677 1353 3732 Iso·

131 3769 231 3821 cratem
250 3769 383 3835 pateretur
402 3767 494 3822 dicere.

221 3855 291 3910 ‘Gt
311 3853 391 3910 Grote
408 3855 488 3910 Arist.
514 3873 539 3924 p.
558 3856 607 3910 24:
638 3855 678 3910 He
699 3872 808 3923 appears
830 3857 858 3908 to
882 3853 949 3908 have
974 3854 1117 3923 impugned
1141 3853 1187 3908 the
1204 3853 1352 3907 Isocratean

131 3941 280 3996 discourscs
298 3943 386 4012 partly
404 3959 434 3997 as
453 3943 606 4012 containing
628 3944 758 4012 improper
775 3941 893 4010 dogmas,
916 3942 1004 4010 partly
1028 3959 1057 3996 as
1075 3943 1218 4010 specimens
1236 3941 1265 3994 01
1281 3956 1351 3994 mere

130 4031 319 4098 unimpressive
337 4031 458 4098 eleganee
476 4030 602 4085 intended
618 4031 658 4085 101
677 4031 757 4098 show,
775 4046 853 4098 pomp
872 4028 924 4083 and
942 4029 1093 4084 immediate
1105 4029 1262 4084 admiration
1282 4028 1347 4081 from

129 4116 345 4172 11101100101-
368 4116 403 4172 ad
431 4118 576 4186 implendas
603 4135 679 4173 aures
698 4149 745 4185 -,
769 4117 819 4171 but
845 4116 970 4171 destitute
998 4117 1061 4170 both
1090 4117 1118 4170 01
1144 4116 1352 4185 comprehensive

130 4205 223 4276 theory
242 4204 294 4261 and
313 4205 343 4259 01
358 4205 539 4276 applicability
555 4209 584 4262 to
602 4223 653 4276 any
671 4205 758 4260 useful
777 4220 897 4273 purpose.
