3102 4696
790 217 808 278 7

187 428 338 492 vocaverit
359 446 484 492 neeesse
506 427 555 491 sit.
614 427 748 490 Obstant
776 428 900 508 insuper
931 428 1007 490 haee
1035 427 1102 508 ipsa
1123 426 1216 490 verba
1239 426 1403 507 quominus

187 553 224 599 ea
254 553 272 598 a
302 534 450 616 disoipulo
473 536 635 615 personato
669 532 729 596 dioi
762 532 929 596 Isocratem
961 531 1092 596 voluisse
1123 550 1195 594 eum
1224 532 1403 596 Lehmanno

188 641 410 705 existimemus,
456 639 539 702 Nam
562 637 635 719 quid
657 637 821 701 absurdius
844 641 892 702 est
915 656 1009 719 quam
1024 640 1133 719 putare
1156 637 1352 720 discipulum,
1367 641 1406 701 ut

187 747 241 828 qui
269 749 351 810 esset
379 746 445 827 ipse
473 733 673 828 μετεσχηκὼς
705 739 761 828 τῆς
795 738 976 828 διατριβῆς,
1006 743 1061 806 1111
1094 743 1184 806 modo
1214 743 1402 825 vituperasse

188 852 438 933 praeceptorem?
493 848 554 913 Sed
582 849 704 913 etiamsi
736 850 784 912 his
807 848 997 929 argumentis
1019 867 1081 912 non
1103 849 1239 913 multum
1261 849 1402 930 ponderis

188 957 407 1030 tribueremus,
437 955 469 1018 id
499 955 600 1018 solum
629 974 667 1018 ne
696 955 782 1018 illam
812 955 996 1018 sententiam
1025 955 1250 1036 amplectamur
1275 955 1404 1036 impedit

188 1062 267 1143 quod
298 1061 420 1125 omnino
449 1061 534 1124 nullo
563 1061 653 1124 verbo
682 1060 758 1124 haee
789 1080 838 1124 111
866 1061 1028 1124 indieatur.
1081 1059 1114 1124 si
1142 1061 1224 1123 enim
1251 1060 1402 1124 lsoerates

186 1185 292 1231 revera
314 1167 501 1249 diseipulum
524 1168 722 1248 personatum
752 1167 838 1230 nobis
867 1164 1032 1248 producere
1054 1166 1086 1228 in
1110 1165 1212 1229 animo
1234 1165 1401 1240 habuisset,

186 1275 267 1336 11111
289 1273 347 1335 hoo
369 1272 413 1335 ita
436 1271 559 1336 ferisset
587 1274 625 1335 ut
654 1272 756 1353 aliquo
783 1271 874 1334 modo
904 1271 1044 1352 eognosoi
1074 1273 1177 1354 posset
1206 1289 1272 1335 rem
1301 1271 1345 1334 ita
1369 1291 1401 1334 se

186 1378 307 1442 habere.
353 1378 474 1459 Alioqui
496 1378 599 1459 inepta
622 1381 703 1442 esset
718 1377 788 1441 talis
810 1377 1022 1440 dissimulatio.
1069 1375 1129 1440 Sed
1153 1375 1228 1440 satis
1252 1395 1402 1459 superque

186 1483 224 1547 de
246 1483 325 1547 mira
346 1485 405 1548 hae
428 1484 580 1547 sententia
603 1483 714 1547 dixisse
736 1483 815 1547 mihi
837 1482 946 1546 videor.

274 1605 320 1669 Ex
334 1606 382 1670 his
397 1606 472 1688 ipsis
489 1624 567 1687 quae
589 1606 671 1670 diota
693 1608 767 1670 sunt
786 1605 886 1686 oolligi
906 1606 979 1670 lieet
1001 1605 1172 1670 Lehmanni
1194 1606 1401 1670 oonieeturam

186 1733 248 1775 non
263 1713 398 1776 multum
413 1712 525 1776 habere
542 1711 782 1793 probabilitatis:
808 1730 886 1792 quae
908 1714 989 1776 stare
1010 1712 1127 1792 nequit,
1148 1711 1207 1775 nisi
1228 1713 1401 1792 quaesitam

188 1821 220 1880 et
242 1818 281 1880 ab
303 1817 376 1898 ipsis
399 1818 525 1881 oratoris
549 1817 648 1881 verbis
671 1817 803 1882 alienam
822 1817 1041 1900 interpretandi
1059 1817 1211 1880 rationem
1226 1817 1399 1881 laudamus.

187 1922 259 1986 Huo
281 1923 398 1986 aoeedit
419 1924 500 2004 quod
522 1921 635 1986 indioia
658 1923 770 2004 quibus
797 1923 849 1986 ille
877 1923 1064 1987 sententiam
1092 1941 1183 1986 suam
1211 1923 1400 2005 comprobari

185 2028 327 2110 opinatur
353 2029 597 2110 haudquaquam
625 2029 657 2090 in
687 2032 830 2111 promptu
854 2030 939 2103 sunt,
970 2029 1022 2092 sed
1052 2029 1230 2109 longissime
1260 2030 1399 2111 repetita,

184 2134 229 2197 ita
256 2152 326 2197 vero
362 2134 765 2210 111111111Β1111111111111,
798 2135 953 2215 ceteroqui
983 2134 1155 2198 Lehmanni
1189 2134 1400 2216 adstipulator,

186 2258 257 2302 eum
286 2257 508 2319 nonnunquam
541 2240 573 2302 in
602 2239 716 2304 talibus
745 2240 863 2303 inditiis
893 2239 1113 2320 investigandis
1141 2228 1246 2303 ‘nimis
1278 2227 1397 2319 argute>

183 2347 343 2408 versatum
373 2363 439 2408 esse
466 2345 580 2408 dieat1.
630 2345 678 2409 Ne
707 2345 739 2407 id
767 2345 892 2426 quidem
916 2345 1113 2409 Lehmannus
1135 2345 1224 2409 nobis
1248 2346 1401 2427 persuasit

183 2451 352 2514 lsoeratem
374 2451 544 2514 orationem
566 2450 604 2515 de
627 2450 865 2515 Atheniensibus
887 2451 973 2526 bene,
989 2450 1027 2514 de
1049 2450 1297 2515 Lacedaemoniis
1320 2452 1401 2516 male

183 2555 220 2618 de
245 2554 374 2619 Graeoia
395 2556 515 2619 meritis
538 2556 759 2638 discipulorum
788 2574 884 2619 eausa
913 2555 1092 2632 confecisse,
1120 2575 1155 2619 eo
1184 2557 1309 2638 quidem
1332 2576 1401 2621 oon·

183 2661 248 2724 silio
277 2663 315 2724 ut
344 2660 499 2743 speoimen
527 2665 691 2743 opponeret
721 2661 995 2726 deolamationibus
1027 2681 1133 2726 eorum
1163 2662 1316 2743 simulque
1348 2682 1399 2726 eos

183 2766 321 2830 edooeret
344 2785 440 2848 quam
463 2769 578 2832 temere
600 2767 856 2831 Lacedaemonios
878 2767 1048 2831 laudarent.
1094 2767 1200 2850 Neque
1221 2769 1304 2833 enim
1320 2787 1399 2850 quae

183 2874 367 2952 argumenta
389 2872 558 2936 afferuntur
588 2872 627 2936 ab
657 2892 690 2937 eo
722 2872 871 2937 eiusmodi
895 2877 968 2937 sunt
990 2876 1026 2937 ut
1053 2873 1092 2936 ad
1122 2875 1306 2938 sententiam
1333 2874 1399 2938 eius

182 2978 326 3041 aeoedere
355 2978 517 3060 possimus.
563 2977 681 3041 Nititur
708 2979 803 3058 igitur
824 2978 924 3042 verbis
955 2978 973 3058 ,d
1004 2980 1046 3042 87
1077 2970 1140 3062 ε’γώ
1170 2969 1209 3042 τὸ
1238 2976 1400 3055 λυσιτελὲς

183 3073 282 3158 ἐάσας
303 3072 341 3145 τὸ
364 3077 491 3146 δίκαιον
513 3073 655 3168 εἱλόμην·
680 3070 716 3146 οὗ
746 3073 843 3163 μόνον
871 3069 942 3146 δ’ἷὶν
969 3073 1131 3170 εὑρεθείην
1161 3081 1221 3147 ε’πὶ
1250 3087 1320 3161 τοῖς
1347 3081 1399 3148 νῖν

180 3185 365 3270 λεγομένοις
394 3178 510 3274 ταύτην
540 3183 620 3267 ἔχων
647 3179 704 3274 τὴν
738 3179 884 3252 διάνοιαν
913 3176 983 3252 ἀλλ’
1015 3179 1135 3271 ὁμοίιος
1166 3186 1226 3252 ἐπὶ
1256 3181 1396 3270 πάντων,

182 3289 258 3356 ἐπεὶ
280 3291 337 3355 καὶ
358 3289 423 3356 τῶν
444 3284 718 3379 πεπλησιαιὸτων
739 3317 797 3375 μοι
820 3288 951 3382 φανείην
973 3317 1012 3357 αν
1036 3291 1158 3376 μᾶλλον
1185 3291 1303 3381 χαῖρων
1328 3299 1398 3372 τοῖς

182 3394 241 3460 ἐπὶ
269 3393 317 3483 τῷ
344 3392 407 3483 βίην
438 3396 494 3461 καὶ
524 3401 597 3475 ταῖς
630 3389 785 3479 πράξεσιν
813 3387 1037 3481 εὐδοκιμοῦσιν
1069 3387 1090 3486 ἢ
1118 3403 1188 3477 τοῖς
1217 3399 1294 3486 περὶ
1323 3392 1398 3477 τοὺς

179 3493 293 3587 λόγους
327 3502 444 3580 δεινοῖς
472 3494 556 3566 εἶναι
592 3501 742 3568 δοκοῦσιν
770 3508 801 3569 11
828 3505 845 3588 ἓ
873 3507 934 3569 271
971 3499 1058 3582 τίνος
1094 3490 1147 3569 οὖν
1176 3502 1268 3569 ἕνεκα
1297 3503 1397 3570 ταῦτα

180 3605 335 3693 διηλθονς
366 3596 402 3672 οὗ
424 3600 609 3695 συγγνώμης
630 3612 734 3690 τιγεῖν
756 3599 855 3688 ἀξιῶν
883 3599 965 3696 ὑπὲρ
992 3607 1057 3673 τῶν
1083 3605 1254 3696 εἰρημένων
1276 3659 1283 3674 .
1309 3659 1317 3674 .
1342 3661 1349 3674 .
1375 3661 1394 3692 .,

179 3700 261 3776 ἀλλὰ
283 3711 347 3776 τῶν
368 3701 534 3800 ἀκροατῶν
557 3712 730 3778 ἐπαινέσαι
751 3705 943 3796 βουλόμενος
964 3707 1038 3792 τοὺς
1059 3707 1114 3779 τόν
1135 3737 1170 3779 τε
1192 3706 1287 3801 λόγον
1308 3703 1395 3781 ἇπο-

179 3817 366 3900 δεχομένους
386 3817 499 3884 τοῦτον
520 3819 576 3882 καὶ
598 3817 662 3883 τῶν
683 3807 788 3883 ἄλλων
802 3818 1074 3906 σπουδαιοτέρους
1093 3817 1149 3883 καὶ
1168 3821 1394 3910 φιλοσοφωτέ-

179 3946 253 4008 ρους
274 3915 357 3988 εἶναι
379 3921 567 4006 νομίζοντας
588 3916 663 4001 τοὺς
684 3916 935 4002 ὁιδασκαλικοὺς
956 3923 1012 3990 καὶ
1039 3917 1200 4006 τεχνικοὺς
1225 3923 1290 3991 τῶν
1311 3919 1395 4014 πρὸς

269 4173 278 4202 ¹
298 4169 350 4223 Der
366 4169 477 4237 jungere
495 4171 637 4239 Xenophon
657 4171 710 4226 und
728 4171 864 4226 Isocrates.
905 4171 1057 4225 Zeitsohrift
1075 4172 1331 4243 bosphoreum.
1350 4173 1393 4229 26.

178 4256 267 4310 Β11111
287 4258 356 4313 1872
374 4274 399 4325 p.
418 4259 478 4312 245.
