3102 4696
752 161 793 225 62

668 253 878 260 -—..-.—-..

162 359 331 458 ἀμφότερα
352 361 546 454 diremtum
565 373 658 436 etiarn
678 372 715 437 de
733 374 864 438 habendi
884 373 1051 455 eupiditate
1071 392 1149 454 quae
1168 373 1382 454 praedicentur

162 480 289 542 meliora
306 479 434 542 inveniri
454 498 541 560 posse
561 497 656 559 quam
675 498 753 560 quae
772 497 790 542 a
806 479 954 560 magistro
973 480 1055 542 diota
1075 479 1153 560 siut;
1185 497 1282 559 neque
1301 479 1385 542 enim

163 578 350 662 πλεονεξίας
370 584 596 666 Spartiatarum
618 589 649 648 et
667 604 775 666 regum
794 589 825 650 et
842 589 1042 666 tyrannorum
1061 585 1168 649 eodem
1191 585 1254 648 looo
1277 585 1386 648 haberi

163 709 230 754 esse
245 691 293 754 fas
309 709 345 754 ao
355 690 538 772 eupiditates
550 690 762 754 fraudatorum
774 695 805 754 et
817 691 1127 774 oiroumsoriptorum,
1143 691 1195 772 qui
1208 709 1242 753 ex
1254 689 1382 753 infamia

164 795 312 858 damnum
326 797 460 877 aooipere
473 797 600 871 soleant,
613 797 665 859 sed
678 797 824 878 optabiles
837 816 903 860 esse
916 800 948 861 et
959 798 998 860 ab
1007 797 1150 860 omnibus
1163 796 1262 878 expeti
1276 815 1381 859 eorum

164 904 331 983 potestates
356 900 389 984 (ξ
406 903 470 964 243
495 921 538 982 sq.
562 888 644 964 ἄλλα
665 891 727 988 μὴν
755 900 810 964 καί
840 900 916 989 περὶ
943 899 1001 988 τῆς
1022 897 1209 980 πλεονεξίας
1231 896 1383 976 καλλίους

164 1001 246 1086 ἐχειν
269 1000 391 1069 οἴονται
414 997 527 1090 λόγους
549 1003 613 1069 τῶν
634 1001 820 1093 εἰρημένων·
846 999 921 1083 τοὺς
947 1004 1006 1089 μὲν
1035 998 1094 1092 γάρ
1123 995 1383 1092 ἀποστεροῦντας

163 1103 203 1175 τὰ
233 1103 415 1194 συμβόλαια
444 1109 500 1174 καί
534 1103 608 1188 τοὺς
641 1111 943 1198 παρακρουομένους
976 1109 1032 1175 καλ
1066 1109 1382 1198 παραλογιζομένους

165 1205 220 1298 οόχ
239 1206 390 1304 ἡγοῦνται
405 1212 541 1294 δικαίως
556 1217 732 1281 καλεῖσθαι
752 1209 1000 1294 πλεονεκτικοός
1015 1209 1086 1301 [διὰ
1107 1209 1167 1303 γὰρ
1187 1209 1225 1280 τὸ
1245 1207 1384 1302 πονερὰν

164 1317 246 1403 ἐχειν
274 1314 330 1409 τὴν
357 1314 453 1401 δόξαν
482 1319 515 1385 ἐν
541 1311 668 1386 δίπασιν
697 1310 810 1400 αότοὺς
840 1320 1058 1388 ἐλαττοῦσθαι
1085 1325 1155 1400 τοῖς
1184 1313 1381 1408 πράγμασι],

162 1419 221 1504 τὰς
250 1425 287 1491 δέ
318 1426 532 1513 Σπαρτιατῶν
559 1424 747 1507 πλεονεξίας
777 1426 832 1492 καί
866 1418 925 1505 τδις
952 1425 1016 1492 τῶν
1044 1426 1205 1510 βασιλέων
1237 1425 1295 1492 καὶ
1324 1419 1384 1504 τδις

162 1529 226 1596 τῶν
254 1524 410 1618 τυράννων
439 1520 552 1610 εόκτδις
580 1531 640 1615 μέν
663 1524 745 1598 εἶναι
767 1532 824 1598 καὶ
847 1523 973 1610 πάντας
995 1521 1099 1597 αότῶν
1121 1531 1313 1615 ἐπιθυμεῖν,
1347 1520 1383 1597 οὗ

161 1629 224 1725 μὴν
238 1625 320 1702 άλλδι
337 1638 563 1724 λοιδορεῖσθαι
584 1638 641 1702 καί
662 1637 871 1725 καταρᾶσθαι
893 1642 964 1716 τοῖς
982 1629 1041 1716 τὰς
1061 1629 1254 1726 τηλικαίτας
1276 1633 1384 1720 έχουσι

163 1738 376 1828 δυναστείας).
433 1746 534 1826 Atque
572 1749 607 1808 ut
644 1747 802 1810 universos
837 1747 1150 1810 Laoedaemoniorum
1183 1765 1303 1820 morea,
1336 1745 1382 1810 ita

164 1851 302 1930 singulas
324 1869 372 1914 res
396 1851 435 1913 ab
458 1851 496 1914 iis
519 1853 622 1930 gestas
646 1870 777 1932 quarum
800 1852 915 1915 mentio
943 1852 1069 1915 inioitur
1096 1853 1129 1914 in
1152 1851 1380 1914 Panathenaioo

162 1956 195 2019 in
212 1975 281 2020 eam
296 1959 416 2038 partem
437 1957 547 2037 aooipit
567 1959 603 2019 ut
624 1975 702 2038 quae
724 1957 757 2019 in
776 1957 918 2038 magistri
939 1957 1073 2021 oratione
1089 1959 1222 2037 graviter
1237 1959 1383 2021 notentur

164 2061 272 2125 eadem
288 2061 327 2124 ad
343 2055 533 2124 laudandum
549 2062 650 2142 potins
666 2063 811 2142 praebere
827 2063 989 2127 materiem
1005 2063 1202 2126 demonstret.
1248 2061 1382 2126 Gratum

163 2169 385 2248 aooeptumque
406 2167 500 2246 igitur
522 2167 660 2250 disputat
681 2167 743 2231 fore
758 2167 1008 2232 Lacedaemoniis
1025 2169 1192 2234 orationem
1208 2169 1381 2249 legentibus

165 2272 245 2353 qnod
269 2271 418 2336 Isoorates
441 2275 580 2336 veterum
603 2292 706 2338 rerum
735 2292 862 2337 suarum
890 2274 1092 2354 gloriosarum
1123 2277 1155 2338 et
1185 2274 1384 2338 laudatarum

165 2377 347 2442 memoriam
369 2378 544 2460 repetiverit
572 2378 606 2460 (ξ
623 2381 686 2441 252
716 2369 775 2454 τὰς
803 2375 839 2442 δὲ
868 2369 1005 2463 πράξεις
1032 2377 1089 2441 καί
1120 2368 1179 2454 τὰς
1201 2369 1306 2460 μάχας
1330 2365 1382 2466 ἐφ’

165 2471 219 2558 αἷς
242 2469 333 2546 αὐτοί
354 2505 389 2546 τε
410 2479 495 2567 μέγα
517 2480 670 2570 φρονοῦσι
693 2479 749 2546 καί
772 2474 863 2570 παρὰ
884 2486 955 2560 τοῖς
975 2470 1087 2560 άλλοις
1108 2470 1315 2565 εόδοκιμοῦσι
1345 2481 1383 2548 σὲ

167 2584 360 2675 γεγραφέναι
383 2586 439 2650 καί
472 2578 731 2674 μνημονεόεσθαι
768 2585 986 2674 πεποιηκέναι
1021 2579 1239 2675 συναγαγόντα
1272 2579 1385 2666 πάσας

165 2680 264 2769 αότδις
291 2692 347 2756 καί
376 2688 479 2755 θέντα
507 2679 586 2777 παρ’
616 2679 755 2779 ἀλλήλας
778 2741 785 2756 .
811 2741 818 2756 .
843 2742 850 2756 .
882 2693 979 2776 §253
1009 2681 1098 2757 ταῦτ’
1129 2691 1386 2776 ἐνθυμουμένους

165 2795 222 2861 καί
256 2787 433 2876 διεξιόντας
466 2783 540 2861 οδδέ
573 2793 637 2861 τῶν
674 2794 825 2861 παλαιῶν
859 2793 957 2884 ἔργων
990 2786 1222 2886 ἇμνημονησειν
1258 2787 1301 2862 δι’
1339 2781 1383 2862 ὧν

167 2899 409 2988 ἐγκεκωμίακας
423 2895 497 2980 τοὺς
511 2896 688 2989 προγόνους
702 2891 813 2984 adrev,
826 2891 908 2967 δλλδι
924 2902 980 2968 καί
993 2895 1155 2982 πολλάκις
1170 2902 1384 2984 διαλέξεσθαι

166 3000 250 3095 πρὸς
283 3005 371 3096 σφᾶς
404 2995 517 3085 αὐτοὺς
549 3008 640 3093 κτλ).
692 3011 843 3092 Deinceps
877 3011 959 3092 quod
991 3010 1035 3073 ilii
1066 3029 1159 3094 parva
1194 3031 1250 3076 sua
1282 3011 1382 3094 priore

166 3114 341 3179 oondioione
363 3134 425 3179 non
448 3117 582 3180 eontenti
605 3116 635 3178 in
659 3117 865 3197 Peinpouneso
894 3116 999 3180 ineolis
1029 3116 1155 3180 devietis
1186 3119 1218 3181 et
1248 3117 1380 3198 expulsis

167 3219 254 3284 sedes
277 3220 492 3302 oooupaverint
522 3240 587 3284 rem
617 3221 690 3283 dioit
718 3221 931 3284 admirabilem
963 3224 994 3284 et
1023 3221 1143 3284 felioem
1174 3226 1205 3286 et
1234 3222 1291 3285 diis
1315 3241 1384 3303 pro·

166 3327 272 3388 batam
296 3325 329 3405 (ᾗ
346 3326 410 3388 254
435 3306 471 3388 oi·
492 3322 602 3405 μεῖζον
625 3319 715 3408 ἔργον
737 3322 793 3388 καί
820 3317 1084 3409 θαυμαστότερον
1104 3312 1207 3401 οὐδεὶς
1225 3321 1381 3404 ἐπιδείξει

166 3416 237 3492 κατ’
263 3421 459 3493 ἐκεῖνοντὸν
487 3421 597 3516 χρόνον
625 3420 803 3514 γενόμενον,
829 3417 902 3494 mide*
926 3427 1046 3516 πρᾶξιν
1075 3417 1298 3514 εότυχεστέραν
1326 3428 1382 3494 καί

166 3532 421 3623 θεοφιλεστέραν
452 3532 509 3621 τῆς
541 3525 615 3611 τοὺς
647 3533 861 3622 χρησαμένους
894 3532 951 3621 τῆς
983 3532 1043 3616 μέν
1077 3531 1199 3612 οἰκείας
1239 3523 1383 3621 ἀπορίας

165 3628 411 3727 ἀπαλλαξάσης,
443 3637 500 3727 τῆς
529 3628 558 3704 δ
589 3628 758 3726 ἀλλοτρίας
787 3628 991 3722 εόδαιμονίας
1024 3636 1150 3728 κυρίους
1182 3633 1381 3728 ποιησάσης)

166 3751 196 3811 et
212 3747 301 3828 quod,
318 3765 354 3810 ex
370 3767 428 3828 quo
451 3747 493 3810 ibi
515 3748 727 3812 consedissent
748 3751 779 3812 et
800 3766 872 3812 oum
893 3747 1052 3811 Messeniis
1077 3751 1108 3811 et
1129 3749 1250 3828 Argivis
1266 3751 1382 3812 terram

166 3853 356 3928 divisissent,
386 3853 462 3916 nihii
483 3853 583 3935 potius
607 3853 771 3917 habuerint
793 3871 888 3933 quam
919 3855 954 3916 ut
983 3871 1088 3916 omnes
1111 3855 1203 3917 urbes
1234 3854 1266 3916 in
1295 3853 1383 3918 Pelo·

166 3977 299 4039 ponneso
321 3959 397 4022 sitas
420 3977 493 4023 snae
517 3958 641 4022 dioionis
661 3959 795 4022 facerent
816 3959 1035 4022 dooumontum
1051 3958 1188 4024 declarat
1202 3959 1381 4040 prudentiae

167 4064 200 4144 (ξ
222 4066 285 4126 255
322 4060 354 4125 ἐν
387 4054 513 4138 τοίτοις
541 4065 612 4140 τοῖς
639 4067 766 4146 καιροῖς
794 4059 947 4128 τοσοῦτον
980 4059 1137 4149 φρονῆσαι
1172 4054 1235 4150 φῂς
1269 4050 1383 4139 admotu

167 4154 243 4230 ὥστ’
267 4153 360 4244 όντας
383 4155 419 4231 οδ
442 4163 573 4245 τελείους
594 4160 667 4232 τότε
691 4165 856 4249 δισχιλίων
879 4155 933 4250 οδχ
955 4157 1143 4254 ἡγήσασθαι
1160 4166 1247 4255 σφᾶς
1269 4156 1384 4244 αίτσός
