3102 4696
636 168 845 264 Ar„

128 369 191 455 μὲν
214 358 267 436 οὖν
289 365 506 496 διαφερόντως
533 372 597 437 τῶν
627 361 731 438 οίλλων
759 370 928 438 οἰκεῖσθαι
956 366 1013 461 την
997 367 1178 438 νυτόλιν
1161 375 1257 463 ημῶν
1283 364 1355 440 κατ’

132 476 254 543 ἐκεῖνον
283 471 338 543 τὸν
367 471 477 563 χρόνον
508 467 730 556 δικαίωςἋ
708 504 752 543 αν
782 476 1024 565 ἐπενέγκοι
1011 502 1081 561 μεν
1113 473 1181 568 τὴν
1211 477 1354 546 αἰτίαν

130 587 222 661 τοῖς
244 577 554 710 βασιλεύσασιν
582 574 723 708 αὐτῆς,
754 584 831 671 περί
862 567 906 648 ὧν
929 573 1026 670 ὀλίγην
1049 577 1206 673 πρότερον
1228 585 1349 668 διελέχ-

131 694 212 776 θην·
237 687 354 755 ἐκεῖνοι
377 682 437 816 γὰρ
460 676 539 778 ἦσαν
569 686 600 755 ci
628 682 860 767 παιδεύσαντες
889 682 927 754 τὸ
955 688 1127 776 πλῆθος
1111 714 1144 754 εν
1140 681 1266 810 ἄρετῆ
1293 691 1350 756 καί

131 787 317 921 δικαιοσύνη
339 795 396 859 καὶ
419 794 525 916 6066
547 788 735 884 σωφροσύνη
765 795 821 859 καὶ
851 787 1036 914 διδάξαντες
1066 793 1102 874 ἐξ
1130 778 1174 860 ὧν
1201 790 1347 884 διῴκουν,

129 889 216 987 ἅπερ
247 893 310 986 ἐγὼ
342 889 523 989 φανείην)
501 925 540 965 αν
569 891 753 988 δστερον
727 892 861 988 ειρηιιίις
889 888 908 988 6
937 889 1048 964 ’κεῖνοι
1078 891 1318 987 πράξαντες,“
1299 925 1351 966 οτι

132 1003 227 1070 πᾶσα
249 1002 402 1071 πολιτεία
424 999 510 1094 ψυχὴ
533 998 662 1084 πόλεώς
685 1004 794 1091 ἐστιν).
840 1007 890 1071 Ita
917 1007 1053 1070 Platonis
1075 1010 1245 1090 praeceptis
1272 1029 1348 1072 usus

130 1113 285 1177 maiorum
307 1114 475 1196 opponitur.
521 1113 607 1192 Quae
630 1114 762 1177 sirecte
786 1116 859 1176 sunt
882 1113 1049 1193 disputata,
1071 1113 1155 1176 haud
1178 1115 1348 1178 inconsulte

130 1218 282 1285 Isocrates
304 1219 414 1283 laudat
441 1221 580 1293 maiores,
612 1218 693 1300 quod
722 1218 854 1282 civitatis
877 1219 1096 1298 gubernatores
1120 1219 1179 1282 sibi
1202 1219 1349 1299 elegerint
1433 1287 1435 1291 Α

129 1325 261 1406 optimos
283 1327 431 1401 oratores,
454 1325 515 1387 rati
537 1343 587 1388 eos
611 1324 663 1405 qui
685 1342 739 1405 pro
763 1323 869 1386 rostris
893 1323 1007 1404 optima
1030 1323 1158 1388 suadere
1183 1328 1213 1387 et
1236 1325 1348 1388 vellent

130 1433 163 1493 et
184 1431 308 1511 possent
330 1430 472 1493 omnibus
495 1429 528 1492 in
557 1429 630 1493 locis
662 1431 692 1493 et
721 1427 863 1491 omnibus
893 1427 930 1490 de
958 1428 1087 1512 negotiis
1116 1429 1222 1492 eodem
1246 1429 1348 1492 animo

129 1535 257 1616 parique
279 1535 442 1616 prudentia
465 1553 532 1598 esse
561 1533 680 1597 futuros
711 1533 740 1614 (ξ
771 1533 834 1596 143
866 1528 1036 1595 ἐποιοῦντο
1065 1523 1263 1614 συμβούλους
1292 1532 1349 1596 καί

130 1629 319 1724 προστάτας
342 1625 378 1702 οὗ
400 1629 474 1715 τούς
495 1629 646 1718 τυχόντας
668 1624 750 1700 ἀλλὰ
778 1627 853 1713 τοὺς
881 1630 1067 1719 βελτίστους
1097 1636 1153 1700 καὶ
1183 1660 1347 1724 φρονιμω-

128 1735 245 1820 τίιτους
274 1741 331 1806 καί
352 1734 511 1807 κάλλιστα
540 1732 748 1824 βεβιωκότας,
772 1740 829 1805 καί
858 1733 932 1819 τούς
962 1729 1074 1818 αύτούς
1095 1732 1227 1819 τούτους
1250 1762 1347 1824 στρα-

128 1839 244 1935 τηγσύς
263 1837 394 1936 ᾑροῦντο
415 1846 472 1912 καί
493 1845 657 1934 πρέσβεις,
678 1840 713 1910 εἴ
729 1869 796 1911 που
816 1838 964 1934 δεήσειεν,
987 1843 1138 1928 ἔπεμπον
1158 1847 1215 1912 καί
1236 1839 1348 1924 πάσας
1420 1869 1423 1875 ·

127 1944 189 2030 τὰς
218 1942 387 2040 ἡγεμονίας
419 1944 479 2029 τὰς
511 1949 568 2040 τῆς
601 1943 730 2030 πόλεως
761 1940 870 2029 αύτοῖς
902 1947 1136 2076 παρεδίδοσαν,
1167 1949 1349 2034 νομίζοντες

128 2048 222 2176 τρίς
256 2055 327 2121 ἐπὶ
360 2055 429 2122 τοῦ
461 2048 637 2144 βήματος
669 2055 948 2140 βουλομένους
984 2055 1056 2120 καί
1095 2056 1350 2139 δυναμένους

129 2154 176 2226 τδι
198 2161 404 2245 βέλτιστα
438 2155 750 2245 συμβουλεύειν,
780 2153 911 2238 τούτους
940 2161 996 2226 καί
1019 2150 1099 2226 καθ
1124 2152 1237 2239 αύτούς
1260 2186 1347 2282 γενρ-

132 2265 245 2386 μένους
268 2265 302 2331 έν
323 2256 432 2332 ἅπασι
453 2271 523 2344 τοῖς
545 2259 664 2343 τόποις
685 2265 742 2331 καί
772 2266 848 2353 περὶ
877 2257 1011 2344 ἁπάσας
1041 2259 1100 2344 τὰς
1129 2259 1263 2354 πράξεις
1292 2260 1349 2355 την

134 2359 230 2458 αὐτὴν
251 2363 374 2460 γνώμην
396 2363 533 2452 ἕξειν(
518 2361 603 2458 οίπερ
625 2361 735 2448 αίτοῖς
757 2371 958 2455 συνέβαινεν).
1003 2374 1061 2438 Pro
1090 2375 1227 2455 opinione
1254 2375 1348 2454 igitur

132 2497 191 2541 sua
213 2479 306 2543 bonos
328 2483 462 2544 oratores
484 2480 615 2561 potiores
638 2479 732 2543 habet
754 2481 787 2542 in
814 2498 847 2542 re
873 2479 995 2561 publica
1019 2479 1264 2543 administranda
1286 2480 1347 2544 illis

130 2603 150 2648 a
174 2584 301 2648 Platone
324 2585 547 2649 commendatis
569 2585 765 2667 philosophis.

220 2705 300 2771 (ium
322 2709 378 2772 hos
400 2709 445 2771 ito
468 2709 650 2798 contemnit,
680 2710 827 2770 mutuum
850 2707 924 2770 facit
951 2727 1023 2771 cum
1053 2707 1178 2772 Platone
1207 2708 1347 2771 omnium

129 2814 290 2877 rhetorum
305 2815 499 2894 exagitatora
522 2814 575 2894 qui
596 2816 695 2876 artem
716 2813 910 2887 rhetoricam,
932 2831 1011 2894 quae
1032 2831 1051 2875 a
1071 2813 1228 2877 subtiliore
1243 2833 1347 2878 rerum

130 2919 299 2999 cognitione
331 2919 471 2982 seiuncta
499 2937 586 2982 mera
616 2921 698 2982 esset
726 2917 846 2981 dicendi
874 2917 1048 2999 disciplina,
1077 2920 1201 2981 omnino
1230 2919 1347 2982 nullam

129 3023 286 3087 iudicabat
309 3023 358 3106 (cf.
383 3022 473 3104 Gorg.
498 3023 598 3087 462b
621 3017 679 3085 καί
700 3045 758 3103 μοι
781 3009 967 3107 ἇπόιιριναι,
992 3007 1018 3084 ιί
1043 3013 1218 3107 Σώκρατες,
1244 3070 1252 3085 .
1276 3072 1283 3085 .
1307 3071 1314 3086 .
1339 3072 1346 3086 .

129 3125 207 3210 περί
234 3123 291 3212 τῆς
320 3125 500 3247 ῥητορικῆς,
536 3119 576 3190 σύ
610 3115 705 3212 αύτὴν
737 3120 810 3190 τίνα
844 3117 906 3214 φῂς
935 3116 1035 3204 εἶναι,
1059 3176 1066 3189 .
1093 3176 1100 3190 .
1126 3176 1132 3190 .
1159 3176 1165 3190 .
1203 3115 1347 3209 Οὐδεμία

130 3226 240 3316 ἔμοιγε
260 3217 408 3310 δοιεῖ,
382 3256 408 3295 ω
431 3221 587 3311 Πιῦλε,“
560 3255 605 3308 ιος
624 3254 659 3316 γε
678 3222 761 3318 πρὸς
782 3250 820 3295 σε
813 3219 962 3317 τοίληθη
977 3226 1139 3350 είρησθαι,
1162 3233 1235 3297 ibid
1252 3234 1348 3297 4656

128 3334 237 3424 τέχνην
259 3334 296 3402 δέ
324 3325 419 3424 αὐτὴν
442 3324 478 3401 ού
501 3360 585 3425 φημι
607 3328 690 3400 εἶναι
712 3325 823 3400 ἀλλ’
807 3332 986 3422 εμπειρίαν,
1013 3325 1063 3399 δτι
1087 3325 1143 3400 οὐκ
1167 3331 1231 3416 ἔχει
1252 3327 1347 3461 λόγον

130 3429 243 3505 οὖδένα
265 3424 309 3505 ὧν
313 3439 517 3567 προσφέρει,
540 3429 629 3506 ὁποῖ’
650 3429 732 3506 ι’ίττα
752 3433 808 3528 τὴν
829 3432 926 3529 φύσιν
947 3435 1043 3520 ἐστίν,
1060 3429 1144 3506 ω’στε
1163 3432 1220 3527 τὴν
1241 3435 1348 3504 αἰτίαν

130 3537 268 3611 ἓτοίστου
281 3539 326 3635 μη
342 3542 424 3628 έχειν
438 3542 552 3612 εἰπεῖν.
582 3548 711 3612 Phaedr
733 3550 829 3611 260e
854 3533 910 3610 ούκ
931 3541 1001 3610 ἐστι
1021 3545 1112 3632 τέχνη
1133 3533 1233 3610 οίλλ
1219 3533 1347 3626 οίτεχνος

128 3642 239 3739 τριβή,
270 3654 343 3718 ibid.
374 3656 438 3717 262
455 3673 480 3730 c,
511 3653 612 3717 2666
642 3653 720 3737 sqq.)
767 3653 930 3716 Neminem
961 3653 1042 3716 enim
1072 3652 1160 3716 dccet
1189 3671 1256 3716 esse
1285 3653 1347 3715 elc-

129 3761 276 3839 quentem
305 3760 358 3840 qui
386 3778 449 3823 non
478 3759 617 3822 didicerit
647 3777 725 3839 quae
752 3776 824 3820 vera
851 3761 955 3821 essent
985 3776 1063 3838 quac
1093 3757 1172 3820 falsa
1202 3757 1345 3832 iudicare,

129 3864 276 3945 ambigua
299 3864 500 3945 distinguere,
530 3883 596 3928 rem
625 3863 793 3927 definiendo
827 3863 1029 3944 explicares
1021 3883 1054 3925 1n
1076 3865 1178 3943 partes
1201 3881 1271 3925 eam
1293 3861 1347 3925 tri-

129 3970 223 4033 buere
252 3971 308 4034 etc
355 3969 499 4094 (Ρίιηεδτ
529 3969 591 4032 259
609 3970 734 4032 ε-266
751 3968 796 4052 ο),
835 3986 913 4049 quae
942 3967 1047 4032 dooere
1077 3987 1144 4032 esso
1173 3966 1345 4031 dialectices

129 4073 213 4155 (ibid
241 4075 341 4138 2661)
371 4072 429 4137 καί
456 4069 568 4155 μέντοι
596 4070 653 4136 καί
682 4063 757 4149 τοὺς
787 4068 977 4153 δυναμένους
1010 4059 1088 4134 αυτὸ
1118 4067 1195 4157 δρᾶν
1228 4064 1256 4134 εί
1286 4067 1346 4152 μὲν

128 4165 239 4262 ὀρθῶς
260 4164 280 4264 6
301 4169 346 4264 μὴ
369 4168 611 4265 προσαγορεύιο,
645 4168 724 4255 θεὸς
754 4168 837 4255 οἶδε,
869 4173 958 4240 καλῶ
988 4173 1025 4239 δέ
1056 4161 1109 4239 οὗν
1138 4173 1232 4258 μέχρι
1254 4172 1346 4239 τοίνδε
