3102 4696
702 164 760 234 Ι25

129 366 1348 468 fflmfflwwfflmffmmffiffiwmmwffwfflmm

129 472 295 571 γενήσεται
332 488 424 563 τοῖς
464 478 706 576 φιλοσόφως
746 486 814 552 καί
848 482 1084 576 φιλοτίμως
1117 476 1220 571 πρὸς
1258 478 1354 562 τοὺς

129 579 273 673 λόγους
300 589 600 673 διακειμένους

220 697 337 761 Verum
358 702 396 762 nt
417 699 580 763 redeamus
603 699 642 762 ad
665 700 943 776 Panathenaioum,
975 700 1007 762 in
1037 700 1101 781 ipso
1131 699 1297 781 prooemio,
1321 699 1353 762 id

133 801 215 882 quod
239 803 415 882 oognovisse
438 805 572 869 multum
594 805 733 882 interest,
755 806 885 886 vestigia
901 807 1022 870 exstant
1037 806 1103 868 eius
1127 805 1350 870 aemulationis,

132 908 182 970 Ad
205 907 445 972 Platonem't
389 910 445 989 igit
444 929 482 972 ur
511 913 648 992 spectare
676 930 755 992 quae
782 911 799 992 ἕ
823 913 842 975 9
866 911 1052 991 leguntur
1044 912 1090 973 int
1077 909 1194 974 tellerit
1180 908 1350 991 tSpenge-

132 1014 210 1087 lius;
233 1014 325 1077 verba
347 1015 424 1078 haoo
447 1017 536 1078 sunt:
571 1005 627 1100 τήν
648 1005 741 1101 τίχην
764 1003 931 1102 ὦδυράμην
952 1005 1050 1100 ταόιῃ
1072 1011 1132 1096 μὲν
1160 1001 1295 1077 οόδὲν”
1274 1036 1353 1094 εχων

133 1113 302 1180 ἐπικαλεῖν
331 1104 419 1197 άλλο,
449 1109 574 1205 πλήν“
557 1142 608 1183 οτι
639 1117 733 1205 περὶ
755 1111 824 1205 τήν
852 1115 1112 1208 φιλοσοφίαν
1141 1143 1185 1241 ην
1206 1140 1354 1204 προει-

132 1210 313 1308 λόμην
292 1218 461 1303 ατυχίαι
489 1223 600 1302 τινὲς
625 1248 694 1289 και
731 1221 1016 1313 συκοφαντίαι
1053 1216 1264 1309 γεγόνασι,
1300 1215 1356 1311 τήν

136 1325 173 1391 δὲ
196 1318 294 1414 φόσιν
315 1321 410 1406 εἰδὼς
433 1321 517 1414 πρὸς
538 1327 598 1412 μὲν
619 1322 678 1408 τάς
700 1323 835 1416 πράξεις
858 1319 1097 1417 άρρωστοτέραν
1121 1328 1177 1393 καί
1199 1329 1352 1411 μαλακισ-

133 1430 227 1519 τέραν
256 1418 352 1498 οὖσαν
380 1431 437 1499 τοῦ
466 1433 604 1514 δέοντος,
635 1428 719 1521 πρὸς
749 1434 786 1500 δὲ
808 1427 882 1513 τοὺς
908 1427 1022 1521 λόγους
1045 1423 1115 1500 οότε
1136 1431 1260 1500 τελείαν
1283 1423 1353 1499 οότε

134 1535 281 1625 πανταχῇ
317 1534 479 1626 χρησίμην,
514 1528 596 1604 άλλά
631 1532 806 1620 δοξάσαι
839 1539 911 1624 μὲν
947 1539 1042 1626 περὶ
1078 1531 1252 1604 ἑκάστου
1288 1532 1357 1626 τήν

135 1631 342 1730 άλήθειαν
369 1641 528 1726 μᾶλλον
558 1645 786 1734 δυναμένην
813 1643 890 1710 τῶν
919 1642 1081 1711 εἰδέναι
1111 1637 1351 1734 φασκόντων

135 1749 278 1814 Vidimus
306 1751 389 1814 enirn
418 1771 511 1833 supra
539 1752 667 1817 Isocrati
697 1753 836 1818 sufficere
865 1743 978 1832 δόξαν,
1009 1773 1081 1818 oum
1109 1754 1198 1816 Plato
1226 1754 1356 1834 eosqui

136 1856 202 1919 sola
231 1856 368 1938 opinione
397 1860 527 1922 utantur
556 1859 595 1921 ad
627 1877 732 1923 veram
760 1878 864 1923 rerum
892 1859 1096 1940 cognitionem
1126 1858 1265 1940 progredi
1293 1878 1355 1922 non

135 1980 225 2043 posse
255 1962 396 2026 ostendat
428 1963 518 2044 (Piat.
550 1964 587 2028 do
618 1965 692 2047 Rep.
722 1965 750 2028 V
778 1967 875 2029 477a
898 1984 943 2047 sq.
971 1951 1092 2028 Οόκοίν
1115 1959 1190 2026 ἐπεὶ
1214 1959 1273 2026 ἐπὶ
1294 1960 1354 2044 μὲν

136 2061 183 2152 τῷ
212 2053 280 2130 όντι
309 2063 426 2151 γνῶσις
454 2053 499 2154 ἦν,
530 2055 674 2153 άγνωσία
703 2057 732 2133 δ
757 2067 794 2148 ἐξ
813 2057 953 2156 ἀνάγκης
975 2065 1033 2132 ἐπὶ
1055 2059 1100 2155 μή
1123 2054 1200 2147 όνιι,
1225 2063 1284 2131 ἐπὶ
1307 2063 1354 2154 τῷ

136 2162 254 2253 μεταξὺ
282 2163 384 2257 τοόιήι
414 2165 562 2253 μεταξό
592 2196 631 2237 τι
664 2173 737 2238 καὶ
772 2171 966 2261 ζητητέον
998 2162 1175 2258 άγνοίας
1207 2195 1249 2237 τε
1286 2171 1356 2236 καί

138 2267 384 2364 ἐπιστήμης,
413 2271 447 2341 εί
472 2300 505 2341 τι
534 2269 678 2363 τυγχάνει
708 2265 744 2342 ’όν
774 2276 936 2356 τοιοῦτον;
982 2270 1074 2342 Πάνυ
1102 2275 1161 2361 μὲν
1185 2263 1246 2342 οίιν.
1284 2263 1352 2363 Ἆρ’

140 2366 193 2445 οὖν
214 2379 346 2466 λέγομέν
368 2406 401 2447 τι
424 2373 546 2461 δόξαν
567 2374 669 2463 εἶναι,
716 2381 796 2460 Πῶς
818 2375 877 2470 γάρ
901 2371 961 2462 mi,-
1007 2375 1151 2468 Πότερον
1179 2370 1276 2469 άλλην
1298 2374 1353 2446 δό-

137 2510 233 2568 ναμιν
255 2479 434 2574 ἐπιστήμης
456 2475 681 2576 ήτήναόιήνς
710 2475 832 2576 Ἄλλην.
877 2478 957 2553 Ἐπ’
981 2476 1086 2574 άλληι
1109 2476 1185 2574 όίρα
1206 2487 1356 2552 τέτακ-

135 2616 207 2656 ται
231 2583 329 2672 δόξα
357 2592 424 2656 καὶ
448 2583 510 2656 ἐπ’
534 2580 641 2679 titio
666 2585 890 2681 ἐπιστήμη,
914 2585 998 2658 κατὰ
1026 2585 1083 2680 τήν
1104 2581 1201 2680 άλλην
1223 2583 1356 2675 δύναμιν

138 2719 477 2784 mmmmwmm.
525 2699 1221 2783 Ἦ.ώΜὼλΠῶ4όεΜω9λδῶ
1269 2698 1353 2777 Qae

135 2804 296 2868 inseotatio
320 2823 336 2868 ε
358 2805 503 2868 reeordat
482 2808 566 2870 trono
595 2805 809 2869 calamitatum
838 2808 869 2869 et
898 2805 1124 2869 calumniarum
1147 2806 1236 2886 paulo
1261 2823 1353 2885 supra

137 2912 446 2974 oommemoratarnm
468 2913 542 2974 nata
571 2910 692 2974 videtur
721 2929 787 2974 esse
818 2896 889 2992 (ότι
918 2932 994 2995 περι
1017 2899 1073 2995 τήν
1096 2903 1337 2996 φιλοσοφιαν
1317 2931 1357 2971 ι

137 3001 375 3100 προειλόμην
354 3010 482 3094 ατυχίαι
503 3012 588 3091 τινὲς
609 3013 666 3078 καὶ
689 3009 904 3100 συκοφαντίαι
927 3004 1130 3098 γεγόνασι),ἰ
1132 3018 1164 3078 ta
1187 3017 1224 3077 ut
1248 3036 1279 3076 οι
1300 3036 1357 3098 την

136 3107 294 3206 ἀλήθειαν
327 3113 448 3182 εἰδέναι
486 3109 665 3206 φάσκοντες
702 3123 841 3185 anotores
871 3121 934 3184 sint
962 3138 1068 3183 earnm
1100 3138 1177 3200 quas
1204 3119 1354 3183 Isoorates

137 3226 254 3307 aooepit
276 3225 500 3289 oalamitatum.
544 3225 637 3288 Porro
660 3226 796 3292 conferas
820 3245 898 3308 qnae
921 3226 958 3290 de
973 3225 1167 3289 institutione
1189 3228 1290 3288 orator
1306 3243 1355 3289 en·

108 3397 114 3406 ,
136 3331 221 3412 ponit
244 3330 261 3413 ἓ
286 3332 328 3393 26
352 3350 427 3411 sqq.‚
450 3331 503 3393 ubi
527 3348 563 3394 ea
585 3332 756 3394 retraetari
743 3335 794 3394 tur
823 3350 902 3413 qnae
923 3332 956 3394 in
979 3331 1116 3394 oratione
1139 3330 1176 3392 de
1199 3333 1356 3411 permuta-

136 3436 218 3499 tione
240 3436 365 3500 uberius
389 3438 462 3500 sunt
485 3436 654 3517 explanata.
700 3436 747 3500 Do
771 3455 830 3517 qno
852 3438 918 3500 iooo
947 3437 1021 3500 dioit
1009 3435 1249 3517 tSpengelius1
1277 3435 1355 3497 haee

137 3540 215 3604 fere:
248 3541 341 3604 verba
372 3559 491 3623 quoqne
520 3559 598 3622 quae
629 3542 771 3621 legantur
802 3541 933 3605 Panatn
963 3543 1005 3604 26
1032 3537 1115 3624 λέγω
1138 3529 1231 3603 δε
1197 3561 1253 3624 την
1275 3559 1354 3621 γεω-

136 3639 267 3730 μετρίαν
296 3643 353 3709 καὶ
382 3636 439 3730 τήν
466 3633 677 3729 άστρολογίαν
704 3644 761 3708 καί
789 3635 880 3721 τοὺς
908 3636 1132 3729 διαλόγους
1153 3634 1245 3718 τοὺς
1269 3640 1356 3725 ἐρι-

137 3741 307 3826 στικοὺς
335 3746 556 3832 καλουμένους,
588 3739 637 3827 οἷς
668 3744 699 3814 οὶ
726 3747 787 3832 μὲν
813 3741 959 3836 νεώτεροι
987 3747 1108 3831 μάλλον
1129 3744 1277 3832 χαίρουσι
1299 3745 1356 3811 τοῦ

138 3852 277 3932 δέοντος,
308 3852 372 3918 τῶν
399 3852 436 3919 δέ
458 3854 681 3941 πρεσβυτέριον
712 3843 816 3932 οόδεὶς
840 3850 928 3919 ἐστιν
951 3843 1041 3931 ὅστις
1064 3841 1103 3917 άν
1127 3841 1276 3928 άνεκτοός
1298 3841 1354 3914 αό-

137 3950 213 4036 τοὺς
240 3950 323 4023 εἶναι
353 3952 483 4047 φήσειεν
510 3961 549 4024 ad
581 3961 740 4026 Platonem
769 3964 907 4043 spectent
929 3979 1053 4024 neeesse
1077 3978 1161 4034 esse3
1183 3958 1249 4022 eius
1272 3958 1354 4022 enim

230 4191 239 4220 ¹
257 4187 288 4241 L.
306 4204 328 4242 o.
348 4201 372 4255 p.
392 4187 443 4241 752
462 4203 499 4254 sq.
