3102 4696
247 1073 343 1182 Cum
372 1117 475 1186 omnia
505 1120 606 1181 cetera
629 1117 771 1180 Isocratis
803 1116 916 1198 scripta
945 1116 1019 1197 quid
1048 1117 1106 1180 sibi
1129 1115 1222 1179 velint
1251 1114 1282 1177 in
1304 1133 1372 1196 pro-

156 1225 260 1306 patulo
285 1225 335 1300 sit,
365 1241 500 1304 quonam
524 1223 647 1286 consilio
670 1223 765 1286 oratio
793 1223 842 1286 cui
864 1222 1111 1286 Panathenaicus
1134 1221 1310 1284 inscribitur
1332 1220 1372 1282 sit

158 1330 326 1412 composita
356 1328 439 1391 haud
468 1329 512 1391 ita
541 1329 736 1410 perspicuum
768 1330 832 1402 est;
864 1330 956 1408 atque
988 1345 1024 1391 ea
1046 1327 1208 1409 praecipue
1231 1346 1310 1408 quae
1333 1327 1372 1389 ad

159 1434 380 1516 disputationes
411 1452 483 1496 oum
517 1433 672 1515 discipulis
706 1432 866 1496 institutas
900 1432 1234 1513 contradictionemque
1267 1432 1374 1495 lauda-

159 1540 233 1603 toris
267 1538 578 1603 Lacedaemoniorum
614 1538 743 1602 orationi
781 1538 959 1601 adiunctam
995 1537 1150 1619 pertinent
1186 1538 1251 1600 velo
1285 1537 1374 1618 quasi

158 1646 302 1708 videntur
336 1663 402 1708 esse
436 1643 568 1706 obtenta.
630 1643 737 1724 Neque
771 1643 853 1707 enim
888 1662 966 1724 quae
1000 1643 1160 1724 hucusque
1195 1642 1251 1705 viri
1285 1642 1374 1718 docti,

159 1747 311 1832 imprimis
334 1749 555 1812 Lehmannus1
581 1751 612 1812 et
640 1748 891 1824 Teichmucller²‚
916 1748 953 1812 de
976 1767 1012 1812 ea
1035 1749 1169 1812 oratione
1186 1749 1376 1830 scripserunt

161 1854 311 1918 eiusmodi
334 1855 460 1917 suntin
484 1853 595 1934 quibus
619 1853 659 1916 sit
681 1854 954 1935 acquiescendum
985 1855 1097 1936 partim
1121 1854 1203 1916 enim
1224 1872 1285 1917 non
1309 1853 1373 1916 suf-

161 1960 269 2050 ficiunt
291 1959 330 2022 ad
354 1959 457 2022 omnia
480 1958 668 2041 explicanda,
691 1959 805 2040 partim
827 1977 951 2041 prorsus
970 1977 1050 2023 vana
1068 1961 1141 2023 sunt
1161 1961 1253 2040 atque
1273 1962 1377 2040 aperte

160 2064 248 2128 falsa.
305 2063 392 2143 Quae
427 2067 532 2128 autem
566 2064 597 2127 in
631 2064 708 2126 libro
743 2083 799 2127 suo
833 2064 885 2145 qui
919 2067 966 2128 est
999 2064 1036 2127 de
1070 2065 1243 2146 eloquentia
1271 2064 1376 2128 Attica

57 2215 60 2222 .
162 2171 325 2234 Blassius³
356 2170 393 2234 de
425 2169 652 2233 Panathenaico
681 2169 809 2251 protulit
843 2188 949 2234 eorum
978 2188 1057 2251 quae
1087 2169 1274 2233 abstrusiora
1305 2174 1378 2232 sunt

161 2276 194 2340 in
218 2294 254 2339 ea
277 2275 412 2338 oratione
435 2275 511 2337 nihil
534 2275 699 2354 attingunt.
750 2274 859 2355 Itaque
882 2293 989 2357 operae
1013 2293 1079 2339 esse
1101 2275 1235 2356 pretium
1258 2275 1377 2338 videtur

54 2383 57 2395 '
162 2380 261 2445 denuc
283 2399 338 2461 pro
355 2380 434 2443 virili
456 2382 543 2461 parte
565 2380 718 2460 inquirere
741 2398 873 2460 quorum
896 2381 1065 2444 sententias
1087 2380 1119 2442 in
1138 2382 1377 2444 controversiam

161 2485 315 2549 vocaverit
343 2488 445 2548 orator
474 2485 609 2566 quidque
640 2504 712 2549 cum
734 2485 877 2550 universa
899 2485 1034 2549 oratione
1056 2488 1126 2548 tum
1149 2485 1295 2549 adiuncta
1318 2486 1379 2549 dis-

161 2591 254 2672 cipuli
278 2590 515 2654 contradictione
539 2590 656 2655 efficere
679 2591 817 2654 voluerit.
1059 2573 1063 2592 ⁸

250 2695 295 2758 Ut
322 2715 372 2759 res
399 2694 520 2759 facilius
549 2695 782 2776 intellegantur,
817 2696 881 2760 iam
915 2696 1059 2759 orationis
1089 2696 1318 2778 dispositionem
1348 2699 1378 2759 et

164 2803 381 2881 argumentum
404 2801 584 2864 summatim
609 2801 847 2865 adumbremus:
879 2801 1145 2865 Panathenaicum
1171 2802 1275 2864 minus
1300 2804 1380 2865 arte-

163 2906 264 2970 ficiose
294 2924 389 2987 quam
420 2907 573 2969 orationes
603 2907 755 2988 superiore
783 2909 919 2989 tempore
948 2907 1046 2971 editas
1078 2908 1281 2989 compositum
1313 2926 1379 2970 esse

163 3011 320 3092 praefatus
338 3011 461 3094 (1-4)‚
485 3011 603 3093 copiose
627 3012 691 3092 agit
710 3014 811 3074 orator
828 3012 980 3093 prooemio
999 3012 1036 3076 de
1056 3013 1119 3076 vita
1139 3031 1196 3076 sua
1214 3030 1251 3076 ac
1270 3012 1380 3075 studiis

165 3117 239 3191 suis,
268 3119 305 3179 ut
336 3117 480 3181 defendat
508 3119 607 3180 semet
636 3119 742 3180 contra
770 3115 958 3181 adversarios
990 3136 1062 3180 suos
1084 3119 1378 3199 obtrectatoresque3

165 3219 317 3301 imprimis
347 3222 485 3302 queritur
513 3222 550 3286 de
573 3222 693 3286 invidiis
717 3222 934 3305 sophistarum,
964 3241 1135 3303 quoscum
1159 3223 1281 3305 saepius
1310 3226 1380 3287 tum

56 3417 59 3424 .
164 3325 340 3407 nuperrime
369 3327 529 3407 permultis
558 3328 755 3392 audientibus
785 3328 979 3392 maledixisse
1009 3327 1067 3390 sibi
1096 3331 1203 3392 narrat
1235 3328 1380 3411 (5-34).

164 3430 233 3494 Iam
257 3431 369 3495 transit
392 3431 430 3494 ad
453 3433 657 3514 propositum
690 3453 722 3497 se
744 3434 973 3497 illustraturum
1003 3452 1070 3497 esse
1092 3434 1270 3516 pronuntiat
1294 3434 1383 3498 bene·

165 3535 236 3599 ficia
259 3537 298 3599 ab
321 3537 559 3601 Atheniensibus
582 3537 613 3600 in
638 3535 770 3601 Graecos
793 3539 913 3602 collata.
957 3537 1085 3621 Sperat,
1110 3539 1136 3602 si
1158 3557 1299 3620 prospere
1324 3539 1382 3601 sibi

256 3799 333 3850 ¹Die
351 3802 428 3852 unter
442 3799 599 3866 Xenophons
618 3799 718 3853 Namen
747 3799 911 3854 iiberlieferte
930 3801 1029 3854 Schrilt
1050 3819 1108 3854 vom
1128 3801 1218 3854 Stante
1236 3801 1281 3855 der
1298 3803 1383 3856 Lacc-

167 3882 300 3936 diimonier
326 3886 379 3939 und
404 3886 445 3940 die
469 3886 694 3940 Panathenaiscbe
718 3887 787 3940 Rede
812 3888 856 3941 dos
876 3890 1003 3943 Isocrates
1026 3890 1052 3942 in
1080 3889 1162 3942 ihrenr
1189 3891 1383 3957 gegenseitigen

166 3970 354 4024 Verhiiltnisse.
391 3973 546 4027 Greifswald
567 3975 642 4028 1853.

257 4058 459 4114 llriterarische
489 4061 593 4114 Ilehdcn
624 4063 658 4114 im
691 4064 716 4116 4.
735 4063 828 4117 Jahrh.
859 4080 904 4116 vor
929 4064 992 4119 Chr.
1028 4064 1138 4118 Breslau
1163 4065 1238 4120 1882.
1277 4065 1336 4118 Vol.
1360 4067 1384 4120 Ι.

166 4163 208 4213 pp.
227 4148 377 4201 ace-285.

255 4235 333 4288 ³Die
351 4235 470 4289 Attische
489 4236 691 4290 Beredscrnkeit.
711 4237 769 4291 Vol.
788 4238 824 4293 Il.
843 4255 868 4305 p.
886 4239 938 4293 292
952 4255 1006 4306 sqq.

1205 4332 1219 4392 1
