<?xml version="1.0" encoding="UTF-8"?>
<!DOCTYPE html PUBLIC "-//W3C//DTD XHTML 1.0 Transitional//EN"
    "http://www.w3.org/TR/xhtml1/DTD/xhtml1-transitional.dtd">
<html xmlns="http://www.w3.org/1999/xhtml" xml:lang="en" lang="en">
 <head>
  <title>
</title>
<meta http-equiv="Content-Type" content="text/html;charset=utf-8" />
  <meta name='ocr-system' content='tesseract 3.04.00' />
  <meta name='ocr-capabilities' content='ocr_page ocr_carea ocr_par ocr_line ocrx_word'/>
</head>
<body>
  <div class='ocr_page' id='page_1' title='image "./deisocratispana00brangoog_0064.png"; bbox 0 0 3102 4696; ppageno 0'>
   <div class='ocr_carea' id='block_1_1' title="bbox 159 177 1385 4084">
    <p class='ocr_par' dir='ltr' id='par_1_1' title="bbox 757 177 797 238">
     <span class='ocr_line' id='line_1_1' title="bbox 757 177 797 238; baseline 0.05 -2"><span class='ocrx_word' id='word_1_1' title='bbox 757 177 797 238; x_wconf 87' lang='lat'>55</span> 
     </span>
    </p>

    <p class='ocr_par' dir='ltr' id='par_1_2' title="bbox 163 385 1385 1636">
     <span class='ocr_line' id='line_1_2' title="bbox 166 385 1385 467; baseline 0.002 -19"><span class='ocrx_word' id='word_1_2' title='bbox 166 385 320 466; x_wconf 84' lang='lat' dir='ltr'>seriptoris</span> <span class='ocrx_word' id='word_1_3' title='bbox 344 385 442 448; x_wconf 87' lang='lat' dir='ltr'>verbis</span> <span class='ocrx_word' id='word_1_4' title='bbox 467 385 620 448; x_wconf 89' lang='lat' dir='ltr'>evidenter</span> <span class='ocrx_word' id='word_1_5' title='bbox 649 389 795 467; x_wconf 76' lang='lat' dir='ltr'>appareat</span> <span class='ocrx_word' id='word_1_6' title='bbox 825 387 990 450; x_wconf 82' lang='lat' dir='ltr'>memoriae</span> <span class='ocrx_word' id='word_1_7' title='bbox 1019 385 1115 450; x_wconf 85' lang='lat' dir='ltr'>fuisse</span> <span class='ocrx_word' id='word_1_8' title='bbox 1145 386 1294 450; x_wconf 89' lang='lat' dir='ltr'>traditum</span> <span class='ocrx_word' id='word_1_9' title='bbox 1320 387 1385 450; x_wconf 90' lang='lat' dir='ltr'>lso-</span> 
     </span>
     <span class='ocr_line' id='line_1_3' title="bbox 165 490 1383 557; baseline 0.002 -2"><span class='ocrx_word' id='word_1_10' title='bbox 165 495 282 556; x_wconf 84' lang='lat' dir='ltr'>oratum</span> <span class='ocrx_word' id='word_1_11' title='bbox 303 492 335 554; x_wconf 88' lang='lat' dir='ltr'>iu</span> <span class='ocrx_word' id='word_1_12' title='bbox 359 490 432 554; x_wconf 81' lang='lat' dir='ltr'>Chio</span> <span class='ocrx_word' id='word_1_13' title='bbox 453 491 555 554; x_wconf 84' lang='lat' dir='ltr'>insula</span> <span class='ocrx_word' id='word_1_14' title='bbox 576 491 680 556; x_wconf 87' lang='lat' dir='ltr'>sedem</span> <span class='ocrx_word' id='word_1_15' title='bbox 696 492 840 556; x_wconf 87' lang='lat' dir='ltr'>habuisse</span> <span class='ocrx_word' id='word_1_16' title='bbox 856 496 925 555; x_wconf 84' lang='lat' dir='ltr'>tum</span> <span class='ocrx_word' id='word_1_17' title='bbox 942 511 1013 555; x_wconf 91' lang='lat' dir='ltr'>oum</span> <span class='ocrx_word' id='word_1_18' title='bbox 1029 494 1130 556; x_wconf 85' lang='lat' dir='ltr'>aetate</span> <span class='ocrx_word' id='word_1_19' title='bbox 1151 492 1244 556; x_wconf 86' lang='lat' dir='ltr'>etiam</span> <span class='ocrx_word' id='word_1_20' title='bbox 1266 493 1383 557; x_wconf 89' lang='lat' dir='ltr'>minore</span> 
     </span>
     <span class='ocr_line' id='line_1_4' title="bbox 165 585 1383 682; baseline 0.001 -21"><span class='ocrx_word' id='word_1_21' title='bbox 165 600 247 661; x_wconf 90' lang='lat' dir='ltr'>esset</span> <span class='ocrx_word' id='word_1_22' title='bbox 271 591 399 682; x_wconf 78' lang='grc' dir='ltr'><em>(σχολῆς</em></span> <span class='ocrx_word' id='word_1_23' title='bbox 420 585 527 681; x_wconf 73' lang='grc' dir='ltr'>ἡγεῖτο</span> <span class='ocrx_word' id='word_1_24' title='bbox 552 645 559 658; x_wconf 95' lang='grc'><strong>.</strong></span> <span class='ocrx_word' id='word_1_25' title='bbox 585 645 592 658; x_wconf 92' lang='grc'><em>.</em></span> <span class='ocrx_word' id='word_1_26' title='bbox 618 644 625 659; x_wconf 95' lang='grc'><strong>.</strong></span> <span class='ocrx_word' id='word_1_27' title='bbox 651 645 659 658; x_wconf 93' lang='grc'><strong>.</strong></span> <span class='ocrx_word' id='word_1_28' title='bbox 683 593 813 681; x_wconf 78' lang='grc' dir='ltr'><em>πρῶτον</em></span> <span class='ocrx_word' id='word_1_29' title='bbox 836 593 895 660; x_wconf 80' lang='grc' dir='ltr'>ἐπὶ</span> <span class='ocrx_word' id='word_1_30' title='bbox 921 591 1029 681; x_wconf 83' lang='grc' dir='ltr'>Χίου).</span> <span class='ocrx_word' id='word_1_31' title='bbox 1076 596 1283 676; x_wconf 79' lang='lat' dir='ltr'>Quamobrem</span> <span class='ocrx_word' id='word_1_32' title='bbox 1310 617 1383 662; x_wconf 90' lang='lat' dir='ltr'>oum</span> 
     </span>
     <span class='ocr_line' id='line_1_5' title="bbox 163 693 1382 785; baseline 0 -19"><span class='ocrx_word' id='word_1_33' title='bbox 163 705 345 785; x_wconf 88' lang='lat' dir='ltr'>reputamus</span> <span class='ocrx_word' id='word_1_34' title='bbox 368 702 536 766; x_wconf 83' lang='lat' dir='ltr'>Isooratem</span> <span class='ocrx_word' id='word_1_35' title='bbox 559 721 639 767; x_wconf 88' lang='lat' dir='ltr'>anno</span> <span class='ocrx_word' id='word_1_36' title='bbox 663 704 735 777; x_wconf 79' lang='lat'>436,</span> <span class='ocrx_word' id='word_1_37' title='bbox 763 693 995 785; x_wconf 80' lang='lat' dir='ltr'>Theopompum</span> <span class='ocrx_word' id='word_1_38' title='bbox 1022 703 1102 767; x_wconf 89' lang='lat' dir='ltr'>oiroa</span> <span class='ocrx_word' id='word_1_39' title='bbox 1132 722 1159 766; x_wconf 90' lang='lat' dir='ltr'>a.</span> <span class='ocrx_word' id='word_1_40' title='bbox 1184 704 1248 766; x_wconf 87' lang='lat'>380</span> <span class='ocrx_word' id='word_1_41' title='bbox 1271 706 1382 767; x_wconf 90' lang='lat' dir='ltr'>natum</span> 
     </span>
     <span class='ocr_line' id='line_1_6' title="bbox 165 808 1384 890; baseline 0.001 -17"><span class='ocrx_word' id='word_1_42' title='bbox 165 829 241 884; x_wconf 80' lang='lat' dir='ltr'>esse,</span> <span class='ocrx_word' id='word_1_43' title='bbox 264 809 297 871; x_wconf 93' lang='lat' dir='ltr'>iu</span> <span class='ocrx_word' id='word_1_44' title='bbox 321 809 508 872; x_wconf 87' lang='lat' dir='ltr'>seutentiam</span> <span class='ocrx_word' id='word_1_45' title='bbox 532 828 639 872; x_wconf 91' lang='lat' dir='ltr'>eorum</span> <span class='ocrx_word' id='word_1_46' title='bbox 661 808 845 872; x_wconf 90' lang='lat' dir='ltr'>adduoimur</span> <span class='ocrx_word' id='word_1_47' title='bbox 868 809 921 890; x_wconf 89' lang='lat' dir='ltr'>qui</span> <span class='ocrx_word' id='word_1_48' title='bbox 936 809 1064 873; x_wconf 83' lang='lat' dir='ltr'>Athenis</span> <span class='ocrx_word' id='word_1_49' title='bbox 1088 809 1266 873; x_wconf 83' lang='lat' dir='ltr'>existimant</span> <span class='ocrx_word' id='word_1_50' title='bbox 1288 809 1384 874; x_wconf 90' lang='lat' dir='ltr'>histo·</span> 
     </span>
     <span class='ocr_line' id='line_1_7' title="bbox 164 914 1382 996; baseline 0 -18"><span class='ocrx_word' id='word_1_51' title='bbox 164 915 264 979; x_wconf 83' lang='lat' dir='ltr'>risum</span> <span class='ocrx_word' id='word_1_52' title='bbox 285 914 374 978; x_wconf 89' lang='lat' dir='ltr'>illum</span> <span class='ocrx_word' id='word_1_53' title='bbox 393 933 411 978; x_wconf 91' lang='lat' dir='ltr'>a</span> <span class='ocrx_word' id='word_1_54' title='bbox 431 915 549 979; x_wconf 75' lang='lat' dir='ltr'>rhetore</span> <span class='ocrx_word' id='word_1_55' title='bbox 570 934 636 978; x_wconf 88' lang='lat' dir='ltr'>esse</span> <span class='ocrx_word' id='word_1_56' title='bbox 658 915 846 978; x_wconf 89' lang='lat' dir='ltr'>institutum.</span> <span class='ocrx_word' id='word_1_57' title='bbox 884 915 1011 979; x_wconf 87' lang='lat' dir='ltr'>Aooedit</span> <span class='ocrx_word' id='word_1_58' title='bbox 1028 915 1108 996; x_wconf 92' lang='lat' dir='ltr'>quod</span> <span class='ocrx_word' id='word_1_59' title='bbox 1123 914 1382 979; x_wconf 87' lang='lat' dir='ltr'>verisimillimum</span> 
     </span>
     <span class='ocr_line' id='line_1_8' title="bbox 165 1019 1384 1102; baseline 0 -17"><span class='ocrx_word' id='word_1_60' title='bbox 165 1023 213 1085; x_wconf 86' lang='lat' dir='ltr'>est</span> <span class='ocrx_word' id='word_1_61' title='bbox 234 1020 323 1083; x_wconf 89' lang='lat' dir='ltr'>illum</span> <span class='ocrx_word' id='word_1_62' title='bbox 345 1019 497 1085; x_wconf 84' lang='lat' dir='ltr'>infantem</span> <span class='ocrx_word' id='word_1_63' title='bbox 520 1022 551 1084; x_wconf 91' lang='lat' dir='ltr'>et</span> <span class='ocrx_word' id='word_1_64' title='bbox 573 1020 605 1083; x_wconf 91' lang='lat' dir='ltr'>iu</span> <span class='ocrx_word' id='word_1_65' title='bbox 628 1022 693 1102; x_wconf 89' lang='lat' dir='ltr'>ipso</span> <span class='ocrx_word' id='word_1_66' title='bbox 717 1022 797 1086; x_wconf 88' lang='lat' dir='ltr'>vitae</span> <span class='ocrx_word' id='word_1_67' title='bbox 819 1020 925 1085; x_wconf 88' lang='lat' dir='ltr'>limine</span> <span class='ocrx_word' id='word_1_68' title='bbox 947 1021 1047 1102; x_wconf 89' lang='lat' dir='ltr'>patria</span> <span class='ocrx_word' id='word_1_69' title='bbox 1071 1039 1137 1085; x_wconf 90' lang='lat' dir='ltr'>esse</span> <span class='ocrx_word' id='word_1_70' title='bbox 1159 1021 1324 1102; x_wconf 80' lang='lat' dir='ltr'>privatum,</span> <span class='ocrx_word' id='word_1_71' title='bbox 1347 1024 1384 1085; x_wconf 90' lang='lat' dir='ltr'>ut</span> 
     </span>
     <span class='ocr_line' id='line_1_9' title="bbox 164 1116 1384 1211; baseline -0.003 -18"><span class='ocrx_word' id='word_1_72' title='bbox 164 1127 346 1208; x_wconf 81' lang='lat' dir='ltr'>Pflughius¹</span> <span class='ocrx_word' id='word_1_73' title='bbox 374 1127 503 1191; x_wconf 88' lang='lat' dir='ltr'>oonieoit</span> <span class='ocrx_word' id='word_1_74' title='bbox 531 1146 567 1190; x_wconf 85' lang='lat' dir='ltr'>ex</span> <span class='ocrx_word' id='word_1_75' title='bbox 590 1128 689 1191; x_wconf 89' lang='lat' dir='ltr'>verbis</span> <span class='ocrx_word' id='word_1_76' title='bbox 719 1127 806 1191; x_wconf 90' lang='lat' dir='ltr'>Diod.</span> <span class='ocrx_word' id='word_1_77' title='bbox 830 1127 888 1190; x_wconf 91' lang='lat' dir='ltr'>XV</span> <span class='ocrx_word' id='word_1_78' title='bbox 911 1128 953 1191; x_wconf 82' lang='grc'>28</span> <span class='ocrx_word' id='word_1_79' title='bbox 982 1119 1013 1190; x_wconf 78' lang='grc' dir='ltr'>οἱ</span> <span class='ocrx_word' id='word_1_80' title='bbox 1036 1116 1096 1211; x_wconf 75' lang='grc' dir='ltr'>γὰρ</span> <span class='ocrx_word' id='word_1_81' title='bbox 1120 1116 1384 1208; x_wconf 82' lang='grc' dir='ltr'><em>Λακεδαιμόνιοι</em></span> 
     </span>
     <span class='ocr_line' id='line_1_10' title="bbox 164 1219 1385 1317; baseline -0.001 -22"><span class='ocrx_word' id='word_1_82' title='bbox 164 1222 220 1295; x_wconf 80' lang='grc' dir='ltr'>διὰ</span> <span class='ocrx_word' id='word_1_83' title='bbox 239 1223 277 1295; x_wconf 89' lang='grc' dir='ltr'>τὸ</span> <span class='ocrx_word' id='word_1_84' title='bbox 296 1229 440 1317; x_wconf 64' lang='grc' dir='ltr'>μέγεθος</span> <span class='ocrx_word' id='word_1_85' title='bbox 460 1228 517 1317; x_wconf 74' lang='grc' dir='ltr'>τῆς</span> <span class='ocrx_word' id='word_1_86' title='bbox 540 1231 615 1317; x_wconf 84' lang='grc' dir='ltr'>περὶ</span> <span class='ocrx_word' id='word_1_87' title='bbox 637 1219 750 1308; x_wconf 70' lang='grc' dir='ltr'><em>αὐτοὺς</em></span> <span class='ocrx_word' id='word_1_88' title='bbox 766 1222 929 1314; x_wconf 80' lang='grc' dir='ltr'>δυνάμεως</span> <span class='ocrx_word' id='word_1_89' title='bbox 943 1221 1173 1316; x_wconf 75' lang='grc' dir='ltr'><strong><em>ὑπεροπτικῶς</em></strong></span> <span class='ocrx_word' id='word_1_90' title='bbox 1187 1229 1244 1295; x_wconf 84' lang='grc' dir='ltr'>καὶ</span> <span class='ocrx_word' id='word_1_91' title='bbox 1259 1227 1385 1316; x_wconf 85' lang='grc' dir='ltr'><em>βαρέως</em></span> 
     </span>
     <span class='ocr_line' id='line_1_11' title="bbox 163 1322 1382 1424; baseline 0 -23"><span class='ocrx_word' id='word_1_92' title='bbox 163 1322 256 1424; x_wconf 80' lang='grc' dir='ltr'><em>ἦρχον</em></span> <span class='ocrx_word' id='word_1_93' title='bbox 281 1333 346 1401; x_wconf 78' lang='grc' dir='ltr'>τῶν</span> <span class='ocrx_word' id='word_1_94' title='bbox 372 1327 653 1422; x_wconf 74' lang='grc' dir='ltr'><em>ὑποτεταγμένων·</em></span> <span class='ocrx_word' id='word_1_95' title='bbox 685 1328 801 1422; x_wconf 79' lang='grc' dir='ltr'><em>διόπερ</em></span> <span class='ocrx_word' id='word_1_96' title='bbox 824 1335 943 1402; x_wconf 83' lang='grc' dir='ltr'><em>πολλοὶ</em></span> <span class='ocrx_word' id='word_1_97' title='bbox 965 1334 1030 1401; x_wconf 77' lang='grc' dir='ltr'>τῶν</span> <span class='ocrx_word' id='word_1_98' title='bbox 1051 1325 1108 1400; x_wconf 73' lang='grc' dir='ltr'>ὑπ’</span> <span class='ocrx_word' id='word_1_99' title='bbox 1133 1325 1247 1414; x_wconf 77' lang='grc' dir='ltr'><em>αι’τοὺς</em></span> <span class='ocrx_word' id='word_1_100' title='bbox 1268 1360 1382 1423; x_wconf 77' lang='grc' dir='ltr'><em>τεταγ-</em></span> 
     </span>
     <span class='ocr_line' id='line_1_12' title="bbox 163 1431 1385 1531; baseline 0 -25"><span class='ocrx_word' id='word_1_101' title='bbox 163 1439 268 1525; x_wconf 82' lang='grc' dir='ltr'><em>μένων</em></span> <span class='ocrx_word' id='word_1_102' title='bbox 304 1431 480 1508; x_wconf 71' lang='grc' dir='ltr'><em>ἀπέκλινον</em></span> <span class='ocrx_word' id='word_1_103' title='bbox 513 1434 597 1529; x_wconf 85' lang='grc' dir='ltr'><em>πρὸς</em></span> <span class='ocrx_word' id='word_1_104' title='bbox 630 1434 704 1520; x_wconf 80' lang='grc' dir='ltr'><em>τοὺς</em></span> <span class='ocrx_word' id='word_1_105' title='bbox 728 1431 938 1531; x_wconf 69' lang='grc' dir='ltr'><em>Ἀθηναίους·</em></span> <span class='ocrx_word' id='word_1_106' title='bbox 976 1440 1108 1530; x_wconf 73' lang='grc' dir='ltr'><em>πρῶτον</em></span> <span class='ocrx_word' id='word_1_107' title='bbox 1141 1440 1178 1508; x_wconf 78' lang='grc' dir='ltr'>δὲ</span> <span class='ocrx_word' id='word_1_108' title='bbox 1211 1434 1296 1529; x_wconf 86' lang='grc' dir='ltr'><em>πρὸς</em></span> <span class='ocrx_word' id='word_1_109' title='bbox 1328 1435 1385 1530; x_wconf 81' lang='grc' dir='ltr'>τὴν</span> 
     </span>
     <span class='ocr_line' id='line_1_13' title="bbox 163 1538 1312 1636; baseline 0.001 -23"><span class='ocrx_word' id='word_1_110' title='bbox 163 1538 350 1614; x_wconf 77' lang='grc' dir='ltr'><em>ἀπόστασιν</em></span> <span class='ocrx_word' id='word_1_111' title='bbox 372 1539 559 1636; x_wconf 76' lang='grc' dir='ltr'><em>ὑπήκουσαν</em></span> <span class='ocrx_word' id='word_1_112' title='bbox 583 1552 677 1614; x_wconf 88' lang='grc' dir='ltr'><em>Χῖοι.</em></span> <span class='ocrx_word' id='word_1_113' title='bbox 725 1551 791 1615; x_wconf 86' lang='grc' dir='ltr'>Ηοο</span> <span class='ocrx_word' id='word_1_114' title='bbox 814 1551 896 1616; x_wconf 92' lang='lat' dir='ltr'>euim</span> <span class='ocrx_word' id='word_1_115' title='bbox 919 1551 1038 1615; x_wconf 86' lang='lat' dir='ltr'>foetum</span> <span class='ocrx_word' id='word_1_116' title='bbox 1061 1553 1109 1615; x_wconf 90' lang='lat' dir='ltr'>est</span> <span class='ocrx_word' id='word_1_117' title='bbox 1132 1550 1312 1627; x_wconf 81' lang='grc' dir='ltr'><strong>ΟΙ.100,4.</strong></span> 
     </span>
    </p>

    <p class='ocr_par' dir='ltr' id='par_1_3' title="bbox 159 1674 1385 4084">
     <span class='ocr_line' id='line_1_14' title="bbox 253 1674 1385 1757; baseline 0.002 -21"><span class='ocrx_word' id='word_1_118' title='bbox 253 1675 321 1738; x_wconf 89' lang='lat' dir='ltr'>Iam</span> <span class='ocrx_word' id='word_1_119' title='bbox 351 1693 429 1756; x_wconf 87' lang='lat' dir='ltr'>quae</span> <span class='ocrx_word' id='word_1_120' title='bbox 458 1675 643 1757; x_wconf 84' lang='lat' dir='ltr'>Theopompi</span> <span class='ocrx_word' id='word_1_121' title='bbox 670 1674 799 1754; x_wconf 86' lang='lat' dir='ltr'>vestigia</span> <span class='ocrx_word' id='word_1_122' title='bbox 830 1674 991 1756; x_wconf 88' lang='lat' dir='ltr'>desoriptio</span> <span class='ocrx_word' id='word_1_123' title='bbox 1021 1675 1075 1738; x_wconf 91' lang='lat' dir='ltr'>illa</span> <span class='ocrx_word' id='word_1_124' title='bbox 1104 1675 1245 1756; x_wconf 90' lang='lat' dir='ltr'>disoipuli</span> <span class='ocrx_word' id='word_1_125' title='bbox 1275 1674 1385 1757; x_wconf 85' lang='lat' dir='ltr'>prodat</span> 
     </span>
     <span class='ocr_line' id='line_1_15' title="bbox 164 1780 1383 1863; baseline 0.001 -19"><span class='ocrx_word' id='word_1_126' title='bbox 164 1781 332 1845; x_wconf 80' lang='lat' dir='ltr'>rideamne.</span> <span class='ocrx_word' id='word_1_127' title='bbox 380 1782 424 1844; x_wconf 87' lang='lat' dir='ltr'>Ao</span> <span class='ocrx_word' id='word_1_128' title='bbox 447 1781 582 1863; x_wconf 86' lang='lat' dir='ltr'>primum</span> <span class='ocrx_word' id='word_1_129' title='bbox 606 1780 731 1862; x_wconf 89' lang='lat' dir='ltr'>quidem</span> <span class='ocrx_word' id='word_1_130' title='bbox 754 1782 827 1862; x_wconf 91' lang='lat' dir='ltr'>quia</span> <span class='ocrx_word' id='word_1_131' title='bbox 855 1783 981 1845; x_wconf 89' lang='lat' dir='ltr'>tantum</span> <span class='ocrx_word' id='word_1_132' title='bbox 1010 1781 1153 1863; x_wconf 89' lang='lat' dir='ltr'>disoipuli</span> <span class='ocrx_word' id='word_1_133' title='bbox 1182 1781 1248 1845; x_wconf 90' lang='lat' dir='ltr'>eius</span> <span class='ocrx_word' id='word_1_134' title='bbox 1271 1781 1383 1846; x_wconf 89' lang='lat' dir='ltr'>iudioio</span> 
     </span>
     <span class='ocr_line' id='line_1_16' title="bbox 164 1887 1382 1968; baseline 0 -18"><span class='ocrx_word' id='word_1_135' title='bbox 164 1887 332 1950; x_wconf 80' lang='lat' dir='ltr'>Isocratem</span> <span class='ocrx_word' id='word_1_136' title='bbox 355 1887 495 1950; x_wconf 88' lang='lat' dir='ltr'>ridemus</span> <span class='ocrx_word' id='word_1_137' title='bbox 524 1887 668 1950; x_wconf 76' lang='lat' dir='ltr'>tribuisse</span> <span class='ocrx_word' id='word_1_138' title='bbox 697 1890 733 1951; x_wconf 86' lang='lat' dir='ltr'>ut</span> <span class='ocrx_word' id='word_1_139' title='bbox 762 1888 931 1950; x_wconf 81' lang='lat' dir='ltr'>ceterorum</span> <span class='ocrx_word' id='word_1_140' title='bbox 962 1887 1100 1968; x_wconf 89' lang='lat' dir='ltr'>opinione</span> <span class='ocrx_word' id='word_1_141' title='bbox 1130 1906 1192 1950; x_wconf 89' lang='lat' dir='ltr'>non</span> <span class='ocrx_word' id='word_1_142' title='bbox 1221 1889 1382 1951; x_wconf 78' lang='lat' dir='ltr'>contentus</span> 
     </span>
     <span class='ocr_line' id='line_1_17' title="bbox 164 1992 1382 2075; baseline 0 -19"><span class='ocrx_word' id='word_1_143' title='bbox 164 2011 236 2056; x_wconf 91' lang='lat' dir='ltr'>eum</span> <span class='ocrx_word' id='word_1_144' title='bbox 266 1993 432 2074; x_wconf 89' lang='lat' dir='ltr'>separatim</span> <span class='ocrx_word' id='word_1_145' title='bbox 463 1993 626 2056; x_wconf 87' lang='lat' dir='ltr'>advooaret</span> <span class='ocrx_word' id='word_1_146' title='bbox 656 1996 687 2056; x_wconf 88' lang='lat' dir='ltr'>et</span> <span class='ocrx_word' id='word_1_147' title='bbox 717 1996 822 2075; x_wconf 91' lang='lat' dir='ltr'>postea</span> <span class='ocrx_word' id='word_1_148' title='bbox 845 2011 877 2056; x_wconf 90' lang='lat' dir='ltr'>se</span> <span class='ocrx_word' id='word_1_149' title='bbox 908 1992 948 2056; x_wconf 90' lang='lat' dir='ltr'>ad</span> <span class='ocrx_word' id='word_1_150' title='bbox 978 1992 1140 2056; x_wconf 88' lang='lat' dir='ltr'>arbitrium</span> <span class='ocrx_word' id='word_1_151' title='bbox 1169 1993 1235 2056; x_wconf 89' lang='lat' dir='ltr'>eius</span> <span class='ocrx_word' id='word_1_152' title='bbox 1257 2011 1382 2075; x_wconf 88' lang='lat' dir='ltr'>prorsus</span> 
     </span>
     <span class='ocr_line' id='line_1_18' title="bbox 164 2098 1382 2180; baseline 0.002 -19"><span class='ocrx_word' id='word_1_153' title='bbox 164 2098 302 2174; x_wconf 81' lang='lat' dir='ltr'>dederet,</span> <span class='ocrx_word' id='word_1_154' title='bbox 338 2117 390 2180; x_wconf 89' lang='lat' dir='ltr'>pro</span> <span class='ocrx_word' id='word_1_155' title='bbox 425 2101 506 2163; x_wconf 89' lang='lat' dir='ltr'>oerto</span> <span class='ocrx_word' id='word_1_156' title='bbox 542 2099 677 2162; x_wconf 85' lang='lat' dir='ltr'>iudioare</span> <span class='ocrx_word' id='word_1_157' title='bbox 711 2098 783 2163; x_wconf 90' lang='lat' dir='ltr'>lieet</span> <span class='ocrx_word' id='word_1_158' title='bbox 823 2117 894 2162; x_wconf 90' lang='lat' dir='ltr'>enm</span> <span class='ocrx_word' id='word_1_159' title='bbox 929 2098 1115 2180; x_wconf 79' lang='lat' dir='ltr'>discipulum</span> <span class='ocrx_word' id='word_1_160' title='bbox 1149 2098 1233 2162; x_wconf 90' lang='lat' dir='ltr'>haud</span> <span class='ocrx_word' id='word_1_161' title='bbox 1270 2117 1382 2180; x_wconf 85' lang='lat' dir='ltr'>parvae</span> 
     </span>
     <span class='ocr_line' id='line_1_19' title="bbox 164 2203 1384 2286; baseline 0.001 -18"><span class='ocrx_word' id='word_1_162' title='bbox 164 2205 396 2268; x_wconf 79' lang='lat' dir='ltr'>existimationis</span> <span class='ocrx_word' id='word_1_163' title='bbox 419 2203 514 2268; x_wconf 87' lang='lat' dir='ltr'>fuisse</span> <span class='ocrx_word' id='word_1_164' title='bbox 536 2205 616 2268; x_wconf 90' lang='lat' dir='ltr'>inter</span> <span class='ocrx_word' id='word_1_165' title='bbox 638 2223 689 2268; x_wconf 89' lang='lat' dir='ltr'>eos</span> <span class='ocrx_word' id='word_1_166' title='bbox 712 2204 764 2285; x_wconf 91' lang='lat' dir='ltr'>qui</span> <span class='ocrx_word' id='word_1_167' title='bbox 787 2203 946 2286; x_wconf 87' lang='lat' dir='ltr'>disoiphna</span> <span class='ocrx_word' id='word_1_168' title='bbox 969 2204 1096 2268; x_wconf 82' lang='lat' dir='ltr'>oratoris</span> <span class='ocrx_word' id='word_1_169' title='bbox 1119 2204 1306 2281; x_wconf 82' lang='lat' dir='ltr'>utebantur,</span> <span class='ocrx_word' id='word_1_170' title='bbox 1330 2205 1384 2269; x_wconf 90' lang='lat' dir='ltr'>sed</span> 
     </span>
     <span class='ocr_line' id='line_1_20' title="bbox 166 2310 1379 2392; baseline 0.002 -20"><span class='ocrx_word' id='word_1_171' title='bbox 166 2313 196 2372; x_wconf 92' lang='lat' dir='ltr'>et</span> <span class='ocrx_word' id='word_1_172' title='bbox 218 2310 371 2373; x_wconf 82' lang='lat' dir='ltr'>doetrinae</span> <span class='ocrx_word' id='word_1_173' title='bbox 402 2310 488 2391; x_wconf 90' lang='lat' dir='ltr'>oopia</span> <span class='ocrx_word' id='word_1_174' title='bbox 518 2313 548 2374; x_wconf 90' lang='lat' dir='ltr'>et</span> <span class='ocrx_word' id='word_1_175' title='bbox 578 2329 682 2374; x_wconf 90' lang='lat' dir='ltr'>rerum</span> <span class='ocrx_word' id='word_1_176' title='bbox 714 2310 899 2392; x_wconf 84' lang='lat' dir='ltr'>experientia</span> <span class='ocrx_word' id='word_1_177' title='bbox 930 2312 1051 2392; x_wconf 88' lang='lat' dir='ltr'>praeter</span> <span class='ocrx_word' id='word_1_178' title='bbox 1081 2312 1195 2374; x_wconf 85' lang='lat' dir='ltr'>eeteros</span> <span class='ocrx_word' id='word_1_179' title='bbox 1218 2311 1379 2392; x_wconf 86' lang='lat' dir='ltr'>insignem.</span> 
     </span>
     <span class='ocr_line' id='line_1_21' title="bbox 164 2414 1380 2498; baseline 0.002 -21"><span class='ocrx_word' id='word_1_180' title='bbox 164 2414 250 2479; x_wconf 89' lang='lat' dir='ltr'>Haeo</span> <span class='ocrx_word' id='word_1_181' title='bbox 278 2418 382 2479; x_wconf 89' lang='lat' dir='ltr'>autem</span> <span class='ocrx_word' id='word_1_182' title='bbox 405 2416 561 2497; x_wconf 88' lang='lat' dir='ltr'>praeolara</span> <span class='ocrx_word' id='word_1_183' title='bbox 590 2415 684 2480; x_wconf 86' lang='lat' dir='ltr'>fuisse</span> <span class='ocrx_word' id='word_1_184' title='bbox 713 2416 745 2478; x_wconf 92' lang='lat' dir='ltr'>iu</span> <span class='ocrx_word' id='word_1_185' title='bbox 775 2415 969 2498; x_wconf 82' lang='lat' dir='ltr'>Theopompo</span> <span class='ocrx_word' id='word_1_186' title='bbox 998 2420 1107 2479; x_wconf 88' lang='lat' dir='ltr'>notum</span> <span class='ocrx_word' id='word_1_187' title='bbox 1137 2418 1199 2494; x_wconf 84' lang='lat' dir='ltr'>est,</span> <span class='ocrx_word' id='word_1_188' title='bbox 1229 2416 1380 2497; x_wconf 87' lang='lat' dir='ltr'>imprimis</span> 
     </span>
     <span class='ocr_line' id='line_1_22' title="bbox 162 2519 1380 2603; baseline 0.002 -20"><span class='ocrx_word' id='word_1_189' title='bbox 162 2521 322 2585; x_wconf 90' lang='lat' dir='ltr'>itineribus</span> <span class='ocrx_word' id='word_1_190' title='bbox 346 2521 445 2586; x_wconf 90' lang='lat' dir='ltr'>multa</span> <span class='ocrx_word' id='word_1_191' title='bbox 469 2524 536 2584; x_wconf 88' lang='lat' dir='ltr'>erat</span> <span class='ocrx_word' id='word_1_192' title='bbox 559 2523 709 2603; x_wconf 82' lang='lat' dir='ltr'>expertos.</span> <span class='ocrx_word' id='word_1_193' title='bbox 756 2519 912 2584; x_wconf 83' lang='lat' dir='ltr'>Gloriatur</span> <span class='ocrx_word' id='word_1_194' title='bbox 942 2521 1026 2585; x_wconf 88' lang='lat' dir='ltr'>euim</span> <span class='ocrx_word' id='word_1_195' title='bbox 1057 2521 1107 2585; x_wconf 91' lang='lat' dir='ltr'>ille</span> <span class='ocrx_word' id='word_1_196' title='bbox 1131 2521 1213 2603; x_wconf 91' lang='lat' dir='ltr'>apud</span> <span class='ocrx_word' id='word_1_197' title='bbox 1235 2522 1380 2586; x_wconf 90' lang='lat' dir='ltr'>Photium</span> 
     </span>
     <span class='ocr_line' id='line_1_23' title="bbox 162 2625 1380 2709; baseline -0.001 -18"><span class='ocrx_word' id='word_1_198' title='bbox 162 2626 243 2708; x_wconf 91' lang='lat' dir='ltr'>quod</span> <span class='ocrx_word' id='word_1_199' title='bbox 265 2627 350 2691; x_wconf 89' lang='lat' dir='ltr'>nulla</span> <span class='ocrx_word' id='word_1_200' title='bbox 374 2627 414 2690; x_wconf 88' lang='lat' dir='ltr'>sit</span> <span class='ocrx_word' id='word_1_201' title='bbox 436 2627 578 2690; x_wconf 89' lang='lat' dir='ltr'>notabilis</span> <span class='ocrx_word' id='word_1_202' title='bbox 596 2625 741 2692; x_wconf 83' lang='lat' dir='ltr'>Graeoiae</span> <span class='ocrx_word' id='word_1_203' title='bbox 764 2627 838 2690; x_wconf 92' lang='lat' dir='ltr'>urbs</span> <span class='ocrx_word' id='word_1_204' title='bbox 861 2627 893 2690; x_wconf 91' lang='lat' dir='ltr'>in</span> <span class='ocrx_word' id='word_1_205' title='bbox 916 2646 978 2709; x_wconf 90' lang='lat' dir='ltr'>qua</span> <span class='ocrx_word' id='word_1_206' title='bbox 1001 2645 1063 2691; x_wconf 91' lang='lat' dir='ltr'>non</span> <span class='ocrx_word' id='word_1_207' title='bbox 1084 2626 1277 2708; x_wconf 87' lang='lat' dir='ltr'>aliquantum</span> <span class='ocrx_word' id='word_1_208' title='bbox 1301 2629 1380 2690; x_wconf 87' lang='lat' dir='ltr'>tem-</span> 
     </span>
     <span class='ocr_line' id='line_1_24' title="bbox 161 2720 1382 2815; baseline 0 -19"><span class='ocrx_word' id='word_1_209' title='bbox 161 2734 243 2814; x_wconf 86' lang='lat' dir='ltr'>poris</span> <span class='ocrx_word' id='word_1_210' title='bbox 267 2733 307 2796; x_wconf 88' lang='lat' dir='ltr'>sit</span> <span class='ocrx_word' id='word_1_211' title='bbox 329 2736 468 2815; x_wconf 87' lang='lat' dir='ltr'>moratus</span> <span class='ocrx_word' id='word_1_212' title='bbox 492 2733 591 2815; x_wconf 84' lang='lat' dir='ltr'>(Phot.</span> <span class='ocrx_word' id='word_1_213' title='bbox 615 2733 634 2797; x_wconf 91' lang='lat' dir='ltr'>l.</span> <span class='ocrx_word' id='word_1_214' title='bbox 658 2753 683 2797; x_wconf 92' lang='lat' dir='ltr'>o.</span> <span class='ocrx_word' id='word_1_215' title='bbox 709 2727 757 2796; x_wconf 75' lang='grc' dir='ltr'>ἔτι</span> <span class='ocrx_word' id='word_1_216' title='bbox 786 2729 823 2795; x_wconf 80' lang='grc' dir='ltr'>δὲ</span> <span class='ocrx_word' id='word_1_217' title='bbox 853 2730 910 2795; x_wconf 84' lang='grc' dir='ltr'>καὶ</span> <span class='ocrx_word' id='word_1_218' title='bbox 940 2721 1027 2795; x_wconf 80' lang='grc' dir='ltr'><strong><em>διότι</em></strong></span> <span class='ocrx_word' id='word_1_219' title='bbox 1055 2720 1159 2810; x_wconf 76' lang='grc' dir='ltr'><em>οὐδείς</em></span> <span class='ocrx_word' id='word_1_220' title='bbox 1182 2729 1253 2795; x_wconf 78' lang='grc' dir='ltr'><em>ἐστι</em></span> <span class='ocrx_word' id='word_1_221' title='bbox 1275 2721 1382 2809; x_wconf 81' lang='grc' dir='ltr'><em>τόπος</em></span> 
     </span>
     <span class='ocr_line' id='line_1_25' title="bbox 161 2821 1381 2925; baseline 0.002 -25"><span class='ocrx_word' id='word_1_222' title='bbox 161 2827 270 2913; x_wconf 85' lang='grc' dir='ltr'><em>κοινὸς</em></span> <span class='ocrx_word' id='word_1_223' title='bbox 302 2833 366 2900; x_wconf 82' lang='grc' dir='ltr'>τῶν</span> <span class='ocrx_word' id='word_1_224' title='bbox 393 2826 546 2925; x_wconf 74' lang='grc' dir='ltr'><em>Ἑλλήνων</em></span> <span class='ocrx_word' id='word_1_225' title='bbox 581 2825 654 2902; x_wconf 75' lang='grc' dir='ltr'>οὐδὲ</span> <span class='ocrx_word' id='word_1_226' title='bbox 688 2828 787 2914; x_wconf 81' lang='grc' dir='ltr'><strong><em>πόλις</em></strong></span> <span class='ocrx_word' id='word_1_227' title='bbox 820 2823 993 2923; x_wconf 77' lang='grc' dir='ltr'>ἆξιὸχρεως</span> <span class='ocrx_word' id='word_1_228' title='bbox 1025 2831 1073 2914; x_wconf 85' lang='grc' dir='ltr'>εἰς</span> <span class='ocrx_word' id='word_1_229' title='bbox 1107 2821 1161 2914; x_wconf 64' lang='grc' dir='ltr'>οὓς</span> <span class='ocrx_word' id='word_1_230' title='bbox 1194 2825 1290 2916; x_wconf 69' lang='grc' dir='ltr'><em>αὐτὸς</em></span> <span class='ocrx_word' id='word_1_231' title='bbox 1324 2825 1381 2902; x_wconf 74' lang='lat' dir='ltr'>oda</span> 
     </span>
     <span class='ocr_line' id='line_1_26' title="bbox 162 2932 1380 3030; baseline 0.002 -25"><span class='ocrx_word' id='word_1_232' title='bbox 162 2939 332 3030; x_wconf 78' lang='grc' dir='ltr'>ἐπιδημῶν</span> <span class='ocrx_word' id='word_1_233' title='bbox 364 2942 420 3006; x_wconf 85' lang='grc' dir='ltr'>καὶ</span> <span class='ocrx_word' id='word_1_234' title='bbox 450 2934 509 3020; x_wconf 87' lang='grc' dir='ltr'>τὰς</span> <span class='ocrx_word' id='word_1_235' title='bbox 536 2939 601 3007; x_wconf 83' lang='grc' dir='ltr'>τῶν</span> <span class='ocrx_word' id='word_1_236' title='bbox 631 2933 734 3027; x_wconf 80' lang='grc' dir='ltr'><em>λόγων</em></span> <span class='ocrx_word' id='word_1_237' title='bbox 767 2938 943 3022; x_wconf 78' lang='grc' dir='ltr'><strong><em>ἐπιδείξεις</em></strong></span> <span class='ocrx_word' id='word_1_238' title='bbox 974 2933 1169 3025; x_wconf 77' lang='grc' dir='ltr'><em>ποιούμενος</em></span> <span class='ocrx_word' id='word_1_239' title='bbox 1198 2932 1266 3025; x_wconf 66' lang='lat' dir='ltr'>oripi</span> <span class='ocrx_word' id='word_1_240' title='bbox 1296 2941 1380 3028; x_wconf 80' lang='grc' dir='ltr'><em>μέγα</em></span> 
     </span>
     <span class='ocr_line' id='line_1_27' title="bbox 160 3037 1380 3136; baseline 0.002 -25"><span class='ocrx_word' id='word_1_241' title='bbox 160 3046 254 3126; x_wconf 91' lang='grc' dir='ltr'><em>κλέος</em></span> <span class='ocrx_word' id='word_1_242' title='bbox 275 3047 332 3112; x_wconf 88' lang='grc' dir='ltr'>καὶ</span> <span class='ocrx_word' id='word_1_243' title='bbox 353 3039 528 3136; x_wconf 69' lang='grc' dir='ltr'><em>ὑπόμνημα</em></span> <span class='ocrx_word' id='word_1_244' title='bbox 547 3045 604 3136; x_wconf 73' lang='grc' dir='ltr'>τῆς</span> <span class='ocrx_word' id='word_1_245' title='bbox 620 3046 653 3111; x_wconf 84' lang='grc' dir='ltr'>έν</span> <span class='ocrx_word' id='word_1_246' title='bbox 668 3040 777 3134; x_wconf 75' lang='grc' dir='ltr'><em>λέγοις</em></span> <span class='ocrx_word' id='word_1_247' title='bbox 792 3037 888 3112; x_wconf 71' lang='grc' dir='ltr'><em>αὐτοῦ</em></span> <span class='ocrx_word' id='word_1_248' title='bbox 903 3045 1078 3114; x_wconf 89' lang='grc' dir='ltr'><em>κατέλιπεν</em></span> <span class='ocrx_word' id='word_1_249' title='bbox 1092 3037 1225 3136; x_wconf 75' lang='grc' dir='ltr'>αρετῆς).</span> <span class='ocrx_word' id='word_1_250' title='bbox 1265 3050 1380 3130; x_wconf 80' lang='lat' dir='ltr'>Quodsi</span> 
     </span>
     <span class='ocr_line' id='line_1_28' title="bbox 161 3155 1380 3238; baseline 0 -19"><span class='ocrx_word' id='word_1_251' title='bbox 161 3174 197 3220; x_wconf 83' lang='lat' dir='ltr'>ex</span> <span class='ocrx_word' id='word_1_252' title='bbox 230 3155 342 3220; x_wconf 89' lang='lat' dir='ltr'>iudioio</span> <span class='ocrx_word' id='word_1_253' title='bbox 377 3157 441 3220; x_wconf 90' lang='lat' dir='ltr'>eius</span> <span class='ocrx_word' id='word_1_254' title='bbox 476 3157 514 3219; x_wconf 91' lang='lat' dir='ltr'>ab</span> <span class='ocrx_word' id='word_1_255' title='bbox 548 3156 613 3237; x_wconf 90' lang='lat' dir='ltr'>ipso</span> <span class='ocrx_word' id='word_1_256' title='bbox 648 3156 782 3220; x_wconf 87' lang='lat' dir='ltr'>Isoorate</span> <span class='ocrx_word' id='word_1_257' title='bbox 816 3156 896 3219; x_wconf 89' lang='lat' dir='ltr'>tanti</span> <span class='ocrx_word' id='word_1_258' title='bbox 930 3156 1092 3219; x_wconf 88' lang='lat' dir='ltr'>aestimato</span> <span class='ocrx_word' id='word_1_259' title='bbox 1126 3160 1220 3238; x_wconf 88' lang='lat' dir='ltr'>atque</span> <span class='ocrx_word' id='word_1_260' title='bbox 1249 3175 1285 3220; x_wconf 84' lang='lat' dir='ltr'>ex</span> <span class='ocrx_word' id='word_1_261' title='bbox 1313 3157 1380 3219; x_wconf 89' lang='lat' dir='ltr'>tota</span> 
     </span>
     <span class='ocr_line' id='line_1_29' title="bbox 161 3260 1379 3342; baseline 0.001 -19"><span class='ocrx_word' id='word_1_262' title='bbox 161 3263 335 3326; x_wconf 87' lang='lat' dir='ltr'>narratione</span> <span class='ocrx_word' id='word_1_263' title='bbox 364 3261 495 3326; x_wconf 88' lang='lat' dir='ltr'>effioitur</span> <span class='ocrx_word' id='word_1_264' title='bbox 524 3261 710 3342; x_wconf 89' lang='lat' dir='ltr'>disoipulum</span> <span class='ocrx_word' id='word_1_265' title='bbox 732 3262 831 3325; x_wconf 83' lang='lat' dir='ltr'>iilum</span> <span class='ocrx_word' id='word_1_266' title='bbox 865 3261 898 3324; x_wconf 91' lang='lat' dir='ltr'>in</span> <span class='ocrx_word' id='word_1_267' title='bbox 931 3261 1160 3325; x_wconf 79' lang='lat' dir='ltr'>Panathenaico</span> <span class='ocrx_word' id='word_1_268' title='bbox 1191 3260 1379 3342; x_wconf 80' lang='lat' dir='ltr'>descriptum</span> 
     </span>
     <span class='ocr_line' id='line_1_30' title="bbox 161 3366 1380 3449; baseline 0 -20"><span class='ocrx_word' id='word_1_269' title='bbox 161 3367 282 3448; x_wconf 86' lang='lat' dir='ltr'>ingenio</span> <span class='ocrx_word' id='word_1_270' title='bbox 312 3368 409 3431; x_wconf 91' lang='lat' dir='ltr'>multo</span> <span class='ocrx_word' id='word_1_271' title='bbox 442 3367 628 3448; x_wconf 87' lang='lat' dir='ltr'>superiorem</span> <span class='ocrx_word' id='word_1_272' title='bbox 658 3366 751 3431; x_wconf 85' lang='lat' dir='ltr'>fuisse</span> <span class='ocrx_word' id='word_1_273' title='bbox 781 3367 996 3449; x_wconf 78' lang='lat' dir='ltr'>eondiscipulis</span> <span class='ocrx_word' id='word_1_274' title='bbox 1028 3367 1108 3442; x_wconf 89' lang='lat' dir='ltr'>suis,</span> <span class='ocrx_word' id='word_1_275' title='bbox 1139 3368 1380 3430; x_wconf 79' lang='lat' dir='ltr'>consentaneum</span> 
     </span>
     <span class='ocr_line' id='line_1_31' title="bbox 161 3471 1378 3555; baseline -0.001 -20"><span class='ocrx_word' id='word_1_276' title='bbox 161 3475 207 3536; x_wconf 88' lang='lat' dir='ltr'>est</span> <span class='ocrx_word' id='word_1_277' title='bbox 237 3492 292 3536; x_wconf 92' lang='lat' dir='ltr'>nos</span> <span class='ocrx_word' id='word_1_278' title='bbox 326 3473 364 3537; x_wconf 94' lang='lat' dir='ltr'>de</span> <span class='ocrx_word' id='word_1_279' title='bbox 392 3473 585 3554; x_wconf 92' lang='lat' dir='ltr'>Theopompo</span> <span class='ocrx_word' id='word_1_280' title='bbox 618 3473 815 3554; x_wconf 88' lang='lat' dir='ltr'>potissimum</span> <span class='ocrx_word' id='word_1_281' title='bbox 850 3473 1003 3555; x_wconf 79' lang='lat' dir='ltr'>cogitare,</span> <span class='ocrx_word' id='word_1_282' title='bbox 1032 3475 1068 3536; x_wconf 91' lang='lat' dir='ltr'>ut</span> <span class='ocrx_word' id='word_1_283' title='bbox 1102 3472 1154 3553; x_wconf 90' lang='lat' dir='ltr'>qui</span> <span class='ocrx_word' id='word_1_284' title='bbox 1188 3471 1378 3536; x_wconf 78' lang='lat' dir='ltr'>clarissimus</span> 
     </span>
     <span class='ocr_line' id='line_1_32' title="bbox 161 3576 1380 3659; baseline -0.001 -18"><span class='ocrx_word' id='word_1_285' title='bbox 161 3581 254 3659; x_wconf 90' lang='lat' dir='ltr'>atque</span> <span class='ocrx_word' id='word_1_286' title='bbox 277 3579 549 3644; x_wconf 78' lang='lat' dir='ltr'>excellentissimus</span> <span class='ocrx_word' id='word_1_287' title='bbox 572 3579 711 3642; x_wconf 87' lang='lat' dir='ltr'>omnium</span> <span class='ocrx_word' id='word_1_288' title='bbox 734 3597 839 3642; x_wconf 91' lang='lat' dir='ltr'>eorum</span> <span class='ocrx_word' id='word_1_289' title='bbox 863 3578 916 3659; x_wconf 91' lang='lat' dir='ltr'>qui</span> <span class='ocrx_word' id='word_1_290' title='bbox 939 3579 1107 3642; x_wconf 75' lang='lat' dir='ltr'>Isocratem</span> <span class='ocrx_word' id='word_1_291' title='bbox 1130 3576 1286 3642; x_wconf 86' lang='lat' dir='ltr'>habebant</span> <span class='ocrx_word' id='word_1_292' title='bbox 1313 3595 1380 3640; x_wconf 79' lang='lat' dir='ltr'>ma</span> 
     </span>
     <span class='ocr_line' id='line_1_33' title="bbox 160 3681 1378 3766; baseline -0.001 -19"><span class='ocrx_word' id='word_1_293' title='bbox 160 3684 293 3763; x_wconf 85' lang='lat' dir='ltr'>gistrum</span> <span class='ocrx_word' id='word_1_294' title='bbox 317 3686 356 3748; x_wconf 89' lang='lat' dir='ltr'>ab</span> <span class='ocrx_word' id='word_1_295' title='bbox 379 3684 520 3748; x_wconf 90' lang='lat' dir='ltr'>omnibns</span> <span class='ocrx_word' id='word_1_296' title='bbox 545 3685 585 3748; x_wconf 90' lang='lat' dir='ltr'>sit</span> <span class='ocrx_word' id='word_1_297' title='bbox 609 3685 811 3749; x_wconf 83' lang='lat' dir='ltr'>existimatus.</span> <span class='ocrx_word' id='word_1_298' title='bbox 856 3683 906 3748; x_wconf 89' lang='lat' dir='ltr'>Ita</span> <span class='ocrx_word' id='word_1_299' title='bbox 928 3684 1010 3766; x_wconf 91' lang='lat' dir='ltr'>apud</span> <span class='ocrx_word' id='word_1_300' title='bbox 1040 3682 1223 3766; x_wconf 88' lang='lat' dir='ltr'>Dionysium</span> <span class='ocrx_word' id='word_1_301' title='bbox 1254 3683 1294 3746; x_wconf 90' lang='lat' dir='ltr'>ad</span> <span class='ocrx_word' id='word_1_302' title='bbox 1322 3681 1378 3746; x_wconf 80' lang='lat' dir='ltr'>On.</span> 
     </span>
     <span class='ocr_line' id='line_1_34' title="bbox 159 3774 1378 3876; baseline -0.001 -24"><span class='ocrx_word' id='word_1_303' title='bbox 159 3790 264 3872; x_wconf 90' lang='lat' dir='ltr'>Pomp.</span> <span class='ocrx_word' id='word_1_304' title='bbox 288 3809 313 3854; x_wconf 90' lang='lat' dir='ltr'>o.</span> <span class='ocrx_word' id='word_1_305' title='bbox 331 3792 351 3854; x_wconf 85' lang='lat'>6</span> <span class='ocrx_word' id='word_1_306' title='bbox 373 3791 551 3854; x_wconf 85' lang='lat' dir='ltr'>nominatur</span> <span class='ocrx_word' id='word_1_307' title='bbox 575 3784 835 3876; x_wconf 76' lang='grc' dir='ltr'><em>ἐπιφανέστατος</em></span> <span class='ocrx_word' id='word_1_308' title='bbox 856 3779 989 3852; x_wconf 80' lang='grc' dir='ltr'><em>πάντων</em></span> <span class='ocrx_word' id='word_1_309' title='bbox 1008 3784 1072 3852; x_wconf 82' lang='grc' dir='ltr'>τῶν</span> <span class='ocrx_word' id='word_1_310' title='bbox 1093 3774 1293 3874; x_wconf 80' lang='grc' dir='ltr'><em>Ἰσοκράτους</em></span> <span class='ocrx_word' id='word_1_311' title='bbox 1313 3811 1378 3869; x_wconf 82' lang='grc' dir='ltr'>μα·</span> 
     </span>
     <span class='ocr_line' id='line_1_35' title="bbox 160 3892 1378 3980; baseline 0.002 -24"><span class='ocrx_word' id='word_1_312' title='bbox 160 3892 279 3980; x_wconf 56' lang='grc' dir='ltr'><em>κακῶν.</em></span> <span class='ocrx_word' id='word_1_313' title='bbox 339 3895 401 3960; x_wconf 83' lang='lat' dir='ltr'>Sed</span> <span class='ocrx_word' id='word_1_314' title='bbox 429 3898 550 3961; x_wconf 84' lang='lat' dir='ltr'>exstant</span> <span class='ocrx_word' id='word_1_315' title='bbox 577 3896 691 3959; x_wconf 89' lang='lat' dir='ltr'>indioia</span> <span class='ocrx_word' id='word_1_316' title='bbox 722 3895 816 3960; x_wconf 88' lang='lat' dir='ltr'>etiam</span> <span class='ocrx_word' id='word_1_317' title='bbox 838 3897 935 3960; x_wconf 91' lang='lat' dir='ltr'>multo</span> <span class='ocrx_word' id='word_1_318' title='bbox 964 3895 1065 3976; x_wconf 84' lang='lat' dir='ltr'>magis</span> <span class='ocrx_word' id='word_1_319' title='bbox 1089 3913 1247 3977; x_wconf 86' lang='lat' dir='ltr'>expressa,</span> <span class='ocrx_word' id='word_1_320' title='bbox 1277 3897 1308 3958; x_wconf 85' lang='lat' dir='ltr'>et</span> <span class='ocrx_word' id='word_1_321' title='bbox 1329 3896 1378 3959; x_wconf 84' lang='lat' dir='ltr'>rel</span> 
     </span>
     <span class='ocr_line' id='line_1_36' title="bbox 160 4000 1379 4084; baseline 0.002 -20"><span class='ocrx_word' id='word_1_322' title='bbox 160 4000 282 4082; x_wconf 85' lang='lat' dir='ltr'>singrda</span> <span class='ocrx_word' id='word_1_323' title='bbox 312 4021 390 4083; x_wconf 88' lang='lat' dir='ltr'>quae</span> <span class='ocrx_word' id='word_1_324' title='bbox 420 4003 458 4066; x_wconf 93' lang='lat' dir='ltr'>de</span> <span class='ocrx_word' id='word_1_325' title='bbox 480 4002 617 4066; x_wconf 88' lang='lat' dir='ltr'>moribus</span> <span class='ocrx_word' id='word_1_326' title='bbox 641 4001 782 4084; x_wconf 90' lang='lat' dir='ltr'>disoipuli</span> <span class='ocrx_word' id='word_1_327' title='bbox 810 4002 893 4066; x_wconf 88' lang='lat' dir='ltr'>diota</span> <span class='ocrx_word' id='word_1_328' title='bbox 924 4003 979 4065; x_wconf 90' lang='lat' dir='ltr'>aut</span> <span class='ocrx_word' id='word_1_329' title='bbox 1006 4000 1141 4066; x_wconf 88' lang='lat' dir='ltr'>indioata</span> <span class='ocrx_word' id='word_1_330' title='bbox 1173 4004 1246 4065; x_wconf 91' lang='lat' dir='ltr'>sunt</span> <span class='ocrx_word' id='word_1_331' title='bbox 1276 4019 1379 4083; x_wconf 86' lang='lat' dir='ltr'>perse-</span> 
     </span>
    </p>
   </div>
   <div class='ocr_carea' id='block_1_2' title="bbox 250 4220 898 4298">
    <p class='ocr_par' dir='ltr' id='par_1_4' title="bbox 250 4220 898 4298">
     <span class='ocr_line' id='line_1_37' title="bbox 250 4220 898 4298; baseline 0.002 -15"><span class='ocrx_word' id='word_1_332' title='bbox 250 4234 260 4264; x_wconf 89' lang='lat'><strong>¹</strong></span> <span class='ocrx_word' id='word_1_333' title='bbox 278 4229 317 4284; x_wconf 87' lang='lat' dir='ltr'>De</span> <span class='ocrx_word' id='word_1_334' title='bbox 335 4229 495 4298; x_wconf 87' lang='lat' dir='ltr'>Theopompi</span> <span class='ocrx_word' id='word_1_335' title='bbox 513 4231 569 4283; x_wconf 87' lang='lat' dir='ltr'>vita</span> <span class='ocrx_word' id='word_1_336' title='bbox 586 4233 613 4284; x_wconf 82' lang='lat' dir='ltr'>et</span> <span class='ocrx_word' id='word_1_337' title='bbox 631 4246 679 4284; x_wconf 86' lang='lat' dir='ltr'>ser.</span> <span class='ocrx_word' id='word_1_338' title='bbox 694 4220 700 4230; x_wconf 61' lang='lat'><strong>⁶</strong></span> <span class='ocrx_word' id='word_1_339' title='bbox 717 4229 800 4284; x_wconf 87' lang='lat' dir='ltr'>Berol.</span> <span class='ocrx_word' id='word_1_340' title='bbox 821 4230 898 4286; x_wconf 81' lang='lat'>1827.</span> 
     </span>
    </p>
   </div>
   <div class='ocr_carea' id='block_1_3' title="bbox 0 0 1556 4696">
    <p class='ocr_par' dir='ltr' id='par_1_5' title="bbox 0 0 1556 4696">
     <span class='ocr_line' id='line_1_38' title="bbox 0 0 1556 4696; baseline 0 1"><span class='ocrx_word' id='word_1_341' title='bbox 0 0 1556 4696; x_wconf 95' lang='lat' dir='ltr'> </span> 
     </span>
    </p>
   </div>
  </div>
 </body>
</html>
