3102 4696
688 151 728 213 17

604 241 814 248 --—-—-.-—-———-

100 366 197 447 possis
220 363 332 427 referre
355 365 442 444 aptos
465 363 545 426 locos
568 361 657 424 facile
680 361 818 442 reperies.
863 360 986 423 Etenim
1009 360 1100 439 Legg.
1127 359 1225 423 rard
1249 379 1314 440 sqq.

100 472 187 543 docet
217 470 305 532 Plato
341 468 498 531 civitatem
531 467 722 530 maritimam
757 464 870 547 (704b
901 455 999 527 πόλιν
1030 451 1314 547 ἒπιθαλαττίδιυν)

100 577 187 640 bonis
210 575 361 639 institutis
384 591 568 654 morumque
590 573 739 652 probitate
762 572 811 634 vix
838 572 983 636 excellere
1005 590 1111 653 posse;
1141 573 1316 634 mercatura

102 683 182 745 enim
204 681 362 744 maritima
386 679 565 760 sordidoque
588 679 665 742 lucri
690 677 789 741 studio
813 677 971 759 depravari
994 697 1103 753 mores,
1126 677 1171 740 ita
1193 681 1229 740 ut
1251 696 1318 758 per-

41 843 43 846 .
102 787 207 850 fidisse
230 790 260 849 et
281 787 448 848 inhumane
471 768 551 848 ciues
576 803 607 848 se
630 784 769 864 gerant
762 784 892 848 invicem
915 784 995 847 inter
1024 803 1056 848 se
1084 784 1219 864 itemque
1243 783 1317 846 alios

104 890 254 972 accipiant
278 890 388 971 (msa
419 879 597 973 πρόσοικος
628 879 687 973 γὰρ
717 878 939 951 θάλαττα..
965 873 1097 1006 ..ήδρ
1128 882 1318 968 παλίμβολα

103 1017 160 1057 και
190 981 316 1056 άπιστα
344 997 417 1070 ταῖς
447 996 568 1079 ψυχαῖς
599 987 802 1071 ἐντίκτουσα,
834 980 930 1079 αι’τήν
958 1015 993 1056 τε
1029 983 1112 1074 πρὸς
1141 981 1235 1078 αὑτὴν
1264 983 1320 1077 τὴν

103 1085 244 1162 πόλιν”
223 1118 365 1163 απιστον
386 1097 443 1162 καὶ
465 1086 583 1186 άφιλον
605 1100 697 1162 ποιεῖ
720 1097 777 1161 καὶ
799 1089 883 1184 πρὸς
899 1120 973 1174 τους
995 1085 1109 1173 άλλους
1124 1085 1321 1182 ἀνθρώπους

105 1194 283 1288 ῶσαότως);
305 1208 335 1269 et
356 1206 445 1287 paulo
467 1205 548 1268 infra
569 1205 738 1286 periculum
754 1223 820 1268 esse
836 1205 880 1267 ait
895 1223 933 1268 ne
949 1205 1029 1268 cives
1045 1204 1130 1267 urhis
1145 1203 1320 1266 maritimae

104 1311 178 1374 vitia
194 1329 300 1375 eorum
316 1329 334 1372 a
351 1310 462 1390 quibus
477 1310 672 1373 lacessantur
686 1309 860 1373 adsciscant
882 1308 959 1390 (706
973 1327 991 1372 a
1006 1299 1062 1394 τὴν
1081 1305 1118 1371 δὲ
1134 1299 1173 1394 δὴ
1187 1303 1323 1394 μίμησιν

106 1410 213 1499 ἔλεγον
234 1405 291 1500 τὴν
312 1411 375 1477 τῶν
398 1409 563 1495 πολεμίων
584 1404 641 1499 τὴν
669 1404 770 1498 κακὴν
791 1404 920 1476 τοιάνδε
942 1407 1121 1496 γίγνεσθαι,
1147 1402 1223 1474 ὅταν
1250 1406 1323 1498 οἰκῇ

104 1516 163 1601 μέν
183 1542 235 1596 τις
256 1509 340 1604 πρὸς
355 1509 511 1604 θαλάττῃ,
528 1516 670 1605 λυπῆται
693 1506 722 1580 δ
738 1507 804 1580 δπδ
827 1513 1022 1602 πολεμίων);
1049 1519 1094 1582 ita
1118 1519 1321 1582 Athenienses

106 1626 242 1688 imitatos
266 1644 332 1688 esse
355 1625 499 1700 Minoem,
524 1625 575 1705 qui
598 1625 766 1688 molestum
789 1624 979 1706 stipendium
1001 1624 1039 1687 iis
1062 1624 1267 1705 imposuisset,
1292 1626 1323 1686 et

108 1730 292 1794 exsortibus
316 1730 420 1810 gravis
444 1731 618 1794 armaturae
647 1729 797 1792 militibus
827 1731 998 1793 necessario
1030 1729 1200 1792 classiarios
1227 1727 1324 1792 faetcs

110 1835 248 1898 didicisse
276 1854 327 1899 eos
358 1836 480 1898 crebras
512 1835 723 1898 exscensiones
754 1835 851 1899 facere
882 1838 914 1898 et
941 1853 1049 1898 rursus
1078 1833 1258 1898 festinanter
1285 1833 1325 1896 ad

108 1959 199 2004 naves
232 1959 387 2005 recurrere
422 1940 534 2021 (7060
567 1925 639 2002 άντὶ
672 1934 780 2017 πεζῶν
808 1928 952 2002 ὁπλιτῶν
984 1933 1128 2019 μονίμων
1160 1929 1327 2014 ναυτικοὺς

107 2041 291 2129 γενομένους
314 2041 494 2131 ἐθισθῆναι
516 2035 623 2108 πυκνὰ
646 2031 889 2130 άποπηδῶντας
911 2040 1074 2130 δρομικῶς
1096 2038 1142 2119 εἰς
1165 2035 1224 2120 τὰς
1253 2039 1328 2119 ναῦς

107 2141 184 2230 ταχὺ
206 2141 307 2213 πάλιν
329 2137 532 2235 ἀποχωρεῖν).
579 2151 624 2212 Ex
647 2151 758 2231 quihus
782 2150 871 2213 dictis
894 2150 989 2232 repeti
1009 2169 1097 2232 posse
1119 2150 1326 2214 incusationes

109 2257 181 2320 illas
204 2256 439 2320 Atheniensium
470 2274 546 2338 quas
577 2255 728 2319 Isocrates
759 2257 897 2319 recenset
929 2256 947 2318 l.
972 2275 997 2319 c.
1022 2255 1234 2337 unusquisque
1257 2274 1328 2318 con-

111 2360 207 2424 cedet.
244 2360 551 2436 Praestantissimum
567 2379 637 2424 vero
657 2361 807 2424 indicium
827 2361 1049 2424 Teichmueller
1070 2379 1136 2425 esse
1156 2361 1223 2424 vult
1243 2380 1329 2423 men-

110 2467 231 2529 tionem
253 2466 493 2546 Agamemnonis
517 2467 556 2529 ab
579 2468 772 2546 utroquaet
742 2466 834 2528 etab
858 2465 1001 2530 Isocrate
961 2469 1046 2530 tet
1068 2485 1087 2530 a
1109 2466 1180 2529 Plat
1167 2470 1247 2541 tone,
1270 2466 1328 2528 hae

112 2571 271 2635 occasione
293 2572 438 2636 iniectam
463 2570 513 2653 (cf.
536 2571 659 2634 Panath
625 2571 762 2652 t.§72
784 2573 815 2634 et
836 2571 928 2651 Legg.
954 2572 1053 2634 adeo
1075 2571 1169 2653 sqq.)
1194 2574 1329 2635 etcerte

112 2676 236 2758 quidem
259 2677 352 2741 verba
376 2677 486 2758 quibus
511 2676 647 2740 defendit
633 2679 685 2739 tur
706 2676 786 2739 ille'
779 2696 811 2738 m
830 2676 1075 2740 Panathenaico:
1098 2667 1153 2738 τὸν
1177 2663 1217 2739 οὗ
1238 2671 1329 2757 μίαν

114 2767 200 2844 odda*
231 2771 298 2844 δόο
328 2771 467 2861 σχόντα
495 2770 611 2862 μόνον
642 2768 778 2864 άρετδις
807 2769 902 2843 άλλά
931 2771 1062 2857 πάσας
1092 2769 1171 2857 όσας
1200 2766 1239 2844 δν
1263 2775 1329 2860 ἔχοι

111 2908 163 2961 τις
195 2879 301 2949 εἰπεῖν
334 2885 390 2949 καὶ
424 2876 543 2961 ταότας
579 2872 614 2949 οὗ
647 2880 785 2970 μετρίως
819 2871 888 2947 ἄλλ’
928 2875 1191 2972 ὑπερβαλλόντως
1224 2889 1329 2950 eontra

112 2991 275 3056 Platonem
306 2992 420 3073 scripta
451 3011 517 3055 esse
549 2991 669 3055 videtur
699 3009 765 3054 esse
794 2991 1004 3055 manifestum.
1050 2992 1118 3055 Hac
1148 2993 1215 3074 ipsa
1246 2993 1330 3056 enirn

114 3095 238 3170 ratione,
259 3097 279 3159 i.
296 3116 322 3160 e.
343 3097 520 3160 examinans
543 3099 663 3178 partem
687 3099 811 3160 tantum
833 3099 972 3160 totamne
988 3097 1135 3161 virtutem
1157 3097 1328 3179 respiciant,

23 3223 25 3244 ν
112 3199 278 3281 ponderare
309 3203 386 3265 solet
417 3202 467 3264 hio
495 3201 639 3266 instituta
672 3205 703 3266 et
732 3202 815 3283 ieges
846 3221 1011 3283 eorumque
1042 3205 1181 3266 auctores
1216 3203 1254 3283 (e.
1284 3221 1329 3282 gr.

112 3305 206 3385 Iregg.
225 3306 286 3369 705
304 3306 356 3370 de
382 3295 477 3368 εἶπον
493 3294 536 3381 ῶς
553 3293 603 3368 ότι
624 3302 684 3386 μὲν
706 3301 753 3382 εἰς
775 3293 887 3392 άρετήν
908 3327 971 3369 ποι
992 3303 1113 3388 βλέποι
1135 3296 1176 3369 τά
1198 3303 1332 3370 τοιαῶτα

112 3400 235 3526 νόμιμα
256 3405 386 3491 κείμενα
415 3407 522 3486 καλῶς
550 3405 626 3490 ἔχοι,
649 3402 688 3474 τὸ
711 3398 740 3474 δ’
765 3399 816 3474 ότι
844 3402 928 3497 πρὸς
955 3409 1053 3497 μέρος
1082 3398 1152 3475 ἄλλ’
1184 3399 1220 3476 οὗ
1248 3403 1331 3497 πρὸς

23 3511 24 3518 '
113 3510 226 3577 πᾶσαν
252 3505 365 3594 σχεδὸν
392 3502 428 3578 οδ
458 3506 543 3578 πάνυ
566 3505 765 3601 συνεχώρουν.
813 3512 865 3579 νῦν
889 3539 942 3579 ουν
963 3507 1054 3598 μεῖςτ
1076 3539 1133 3598 μοι
1160 3513 1217 3602 τῆς
1245 3539 1331 3634 παρ-

114 3610 211 3737 ρόσης
237 3615 435 3700 νομοθεσιας
469 3607 752 3708 ἀντιφυλάξατε
740 3611 903 3702 επόμενοι,
936 3612 992 3684 ἐὰν
1019 3607 1081 3707 dea
1112 3644 1146 3684 τι
1174 3611 1219 3707 μὴ
1250 3611 1333 3705 πρὸς

113 3711 228 3810 άρετὴν
249 3747 352 3789 τεινον
372 3749 392 3812 η
415 3715 499 3810 πρὸς
521 3713 634 3811 άρετῆς
655 3716 768 3810 μόριον
789 3722 969 3807 νομοθετῶ,
995 3746 1128 3808 quocum
1158 3727 1332 3810 ofesce)

113 3833 379 3910 Agamemnonem
400 3833 505 3895 autem
520 3832 674 3912 vituperat
695 3851 769 3912 prop
769 3834 817 3894 ter
840 3823 1039 3917 ἐπιτήδευμα
1063 3818 1099 3895 οὗ
1120 3820 1227 3909 καλόν,
1251 3832 1332 3912 quod

113 3935 254 3999 Troianis
269 3936 457 4000 instantibus
472 3954 565 4000 naves
586 3935 735 4000 deducere
754 3936 865 4001 iubens
887 3939 1023 4001 Achaeos
1045 3940 1080 4000 ut
1100 3937 1209 4017 ignave
1225 3935 1334 4017 fugam

114 4044 311 4123 capesserent
337 4041 494 4122 impulerit
525 4041 609 4122 (ibid.
642 4042 704 4104 706
717 4042 846 4105 d-707
859 4044 900 4126 a).
957 4042 1050 4106 Porro
1086 4041 1121 4124 ἐξ
1161 4043 1332 4107 114-117

116 4165 239 4228 quoque
261 4149 411 4210 oratorem
434 4146 583 4227 respicere
606 4165 658 4210 eas
679 4164 757 4227 quae
779 4148 811 4210 in
831 4147 947 4227 legibus
965 4149 1087 4211 exstant
1100 4146 1334 4210 Atheniensium

1153 4253 1172 4313 2
