3102 4696
766 161 807 222 38

180 372 299 446 berent,
323 390 447 453 prorsus
470 372 578 452 aptum
601 371 694 450 clegit
716 373 817 434 oratur
839 369 984 434 orationis
1004 372 1237 450 argumentum,
1260 369 1394 452 primum

180 477 260 560 quod
296 497 331 540 en
361 495 395 540 ec
427 475 513 558 copia
542 476 570 540 ei
600 475 636 540 tit
666 475 822 540 doctrinae
850 493 924 540 suae
953 475 1152 538 illustrandae
1183 478 1215 540 et
1243 476 1395 557 imprimis

180 582 304 666 quidem
334 582 407 664 quid
436 581 474 646 de
503 600 536 646 re
566 581 690 663 publica
719 581 834 645 sentiat
867 581 1051 663 exponendi,
1080 580 1190 645 deinde
1221 580 1302 662 quud
1324 581 1395 646 inde

179 689 309 752 facultas
333 689 361 752 ei
384 687 475 751 datur
497 705 569 751 cum
590 686 683 750 laude
706 688 858 750 maiorum
880 705 931 750 ecs
955 687 1199 751 adversariorum
1222 686 1275 768 qui
1300 687 1397 769 impe·

179 794 249 858 ritia
271 795 299 859 ei
322 793 501 858 invidebant
523 791 681 874 placandi,
704 793 773 856 tum
796 791 950 873 opiniones
974 793 1166 856 aemulorum
1190 792 1394 874 oppugnandi,

179 899 222 963 ita
252 917 322 963 vero
356 901 392 962 ut
425 899 577 963 sententia
610 915 666 961 sua
700 915 773 961 cum
801 897 862 961 illis
898 899 1074 979 comparata
1109 900 1296 980 quantopere
1330 899 1395 979 ipse

179 1005 296 1087 patriae
328 1004 454 1086 eiusque
484 1003 700 1067 institutorum
729 1020 833 1068 amore
862 1005 997 1085 praestet
1027 1002 1086 1066 illis
1116 1002 1267 1066 ostendat.
1312 1001 1395 1066 Nam

179 1110 331 1191 sophistas
359 1110 407 1173 vel
436 1109 635 1173 Aristotelem
664 1108 791 1189 eiusque
820 1108 986 1184 studiosos,
1015 1107 1054 1172 de
1082 1125 1213 1189 quorum
1245 1108 1396 1173 obtrecta-

179 1215 313 1279 tionibus
336 1217 367 1279 et
389 1214 647 1278 aemulationibus
670 1214 701 1277 in
724 1214 877 1296 prooemio
900 1213 1038 1295 queritur
1060 1213 1226 1289 Isocrates,
1250 1216 1281 1277 et
1303 1213 1396 1278 Lace-

179 1320 411 1385 daemoniorum
431 1319 604 1384 laudatores
620 1321 667 1383 vel
687 1319 870 1396 Platonicae,
886 1337 1017 1400 quorum
1037 1319 1205 1384 sententias
1226 1318 1395 1383 identidem

178 1426 355 1508 impugnari
369 1425 503 1489 vidimus
518 1426 551 1488 in
571 1425 706 1489 oratione
727 1424 803 1507 ipsa,
819 1424 942 1488 eosdem
964 1442 1030 1488 esse
1051 1442 1105 1506 pro
1127 1425 1209 1489 certo
1233 1425 1394 1489 sumimus

266 1531 345 1596 Rem
372 1532 417 1594 ita
446 1549 478 1595 se
507 1531 619 1595 habere
648 1530 680 1593 in
703 1530 839 1604 oratione
863 1529 938 1593 satis
962 1530 1042 1594 clare
1065 1529 1226 1594 indicatur.
1271 1527 1309 1593 ln
1331 1548 1398 1594 me·

177 1637 309 1700 moriam
331 1637 414 1700 enim
436 1637 523 1700 nobis
546 1635 729 1699 reducamus
753 1653 832 1716 quae
860 1635 899 1698 ab
926 1633 1060 1699 Isocrate
1083 1635 1121 1698 de
1144 1635 1308 1700 Aristotele
1330 1635 1397 1698 lau-

179 1742 227 1806 dis
251 1760 325 1806 suae
360 1742 509 1805 cramriae
544 1741 664 1805 aemulo
694 1740 777 1804 dicta
806 1755 872 1805 esse
896 1758 989 1822 supra
1012 1740 1179 1804 statuimus
1202 1739 1219 1822 ᾗ
1239 1741 1279 1803 16
1302 1742 1395 1805 verba

178 1848 271 1911 haec:
311 1841 375 1908 τῶν
403 1839 557 1927 οἰομένων
585 1841 751 1932 διαφέρειν
779 1842 836 1908 καὶ
860 1835 1033 1931 ζηλούντων
1056 1841 1114 1926 ἐμὲ
1137 1843 1193 1908 καὶ
1215 1846 1397 1927 μιμεῖσθαι

179 1947 372 2036 μλιχομένων
393 1948 487 2027 τινές.
533 1950 651 2015 Eadem
673 1951 735 2016 sere
758 1951 840 2015 enim
864 1951 955 2014 verba
978 1953 1009 2015 et
1031 1951 1069 2015 de
1092 1951 1198 2016 eodem
1221 1951 1287 2016 sine
1303 1951 1396 2015 dubio

179 2058 375 2140 pronuntiata
404 2057 518 2121 iterum
544 2057 691 2137 leguntur
721 2055 738 2138 ἕ
772 2055 833 2118 155
858 2043 902 2130 ὦς
924 2051 961 2119 δέ
983 2053 1040 2119 καὶ
1066 2045 1124 2142 τὴν
1147 2051 1320 2141 ἐμπειρίαν
1340 2045 1398 2142 την

179 2159 256 2247 περὶ
289 2151 344 2224 τὸν
378 2151 522 2242 πόλεμον
556 2147 592 2224 οὗ
614 2151 770 2246 πρότερον
797 2145 940 2248 ἤσκησαν
972 2147 1038 2224 οὐδ’
1067 2145 1197 2242 δμεινον
1220 2151 1394 2248 ἐχρήσαντο

180 2263 386 2352 Σπαρτιᾶται
407 2262 471 2329 τῶν
492 2254 652 2352 ἡμετέρων
680 2263 718 2330 ἐκ
744 2261 809 2329 τῶν
831 2253 962 2350 ἀγώνων
991 2263 1048 2329 καὶ
1071 2261 1135 2328 τῶν
1157 2262 1311 2348 πολέμων
1332 2262 1397 2330 τῶν

180 2361 440 2456 ὁμολογουμένων
462 2368 617 2456 γενέσθαι
646 2359 717 2434 κατ’
748 2367 868 2435 ἐκεῖνον
889 2361 945 2434 τὸν
965 2361 1075 2456 χρόνον
1098 2358 1198 2447 οὕτως
1221 2361 1314 2452 οἶμαι
1337 2390 1397 2435 σα-

179 2473 250 2566 φῶς
281 2471 456 2556 ἐπιδείξειν
486 2464 568 2540 ὥστε
594 2466 674 2558 μέτε
701 2465 775 2552 τοὺς
805 2463 948 2563 ἆνοήτως
977 2470 1211 2555 λακωνίζοντας
1233 2463 1398 2541 ἀντειπεῖν

177 2572 374 2668 δυνήσεσθαι
404 2583 474 2657 τοῖς
504 2583 636 2668 ῥηθεῖσι
663 2571 743 2667 μήτε
775 2571 870 2658 τοὺς
892 2568 1004 2663 τάμά
1035 2602 1078 2645 τε
1101 2573 1397 2663 θαυμάζοντας

177 2685 248 2751 καὶ
270 2681 577 2770 βασκαίνοντας
599 2683 668 2748 καὶ
689 2688 919 2768 μιμεῖσθαι
949 2683 1228 2770 γλιχομένους.
1260 2687 1322 2752 Ubi
1344 2707 1396 2752 ecs

178 2812 255 2876 quos
285 2794 317 2857 in
339 2793 438 2874 Lyaeo
467 2791 640 2874 disputasse
669 2793 700 2856 et
722 2791 914 2856 maledixisse
943 2792 1002 2856 sibi
1030 2795 1131 2856 orator
1152 2795 1259 2856 narrat
1281 2811 1318 2857 er
1338 2811 1397 2856 nu-

176 2917 261 2963 mero
290 2916 356 2962 esse
385 2897 605 2962 laconistarum
635 2915 766 2978 quonum
797 2898 967 2962 sententiae
996 2897 1247 2980 perstringuntur
1271 2899 1305 2962 in
1328 2917 1396 2963 ora-

177 3005 259 3068 tione
288 3022 305 3068 e
327 3005 392 3067 tota
414 3002 472 3067 loci
494 3002 688 3067 cohaerentia
710 3001 746 3066 fit
768 3002 978 3066 manifestum.
1029 3000 1111 3067 Nam
1139 3021 1218 3085 quae
1241 3023 1277 3068 ex
1298 3003 1395 3068 nimia

177 3107 487 3174 Lacedaemoniorum
510 3107 711 3172 admiratione
734 3108 880 3172 virtutem
903 3108 1045 3172 bellicam
1066 3109 1303 3173 Atheniensium
1327 3109 1396 3174 lau·

177 3214 265 3278 danti
288 3213 345 3278 sibi
367 3213 412 3277 illi
434 3213 581 3278 abiecturi
604 3213 667 3276 sint
689 3230 722 3277 se
737 3211 908 3276 diluturum
923 3231 990 3277 esse
1005 3215 1106 3277 orator
1123 3214 1181 3278 hoc
1203 3214 1268 3278 loco
1290 3216 1394 3297 aperte

177 3320 260 3384 dicit.
305 3319 384 3383 Tum
406 3337 476 3384 vero
499 3322 535 3383 ut
556 3319 753 3399 intellegatur
773 3319 968 3383 Aristotelem
991 3319 1117 3400 eiusque
1140 3322 1305 3388 sectatores
1327 3337 1394 3384 rna·

176 3426 258 3490 nime
280 3425 343 3508 peti
363 3425 396 3488 in
418 3425 655 3500 Panathenaico,
678 3424 784 3504 magni
805 3425 955 3488 momenti
970 3442 1005 3488 ea
1029 3443 1149 3507 quoque
1173 3429 1245 3490 sunt
1267 3425 1394 3507 quaein

176 3535 313 3596 extrema
341 3530 475 3596 oratione
503 3529 671 3611 discipulus
700 3529 814 3611 profert
843 3529 1068 3606 contradicens,
1091 3531 1145 3595 ubi
1170 3530 1320 3612 magistro
1342 3531 1394 3596 ille

177 3636 287 3702 suadet
316 3637 352 3700 ut
382 3634 453 3700 edat
482 3635 651 3700 orationem
678 3634 820 3699 omnibus
849 3653 928 3716 quae
958 3635 995 3698 de
1018 3653 1054 3699 ea
1076 3635 1234 3718 disputata
1256 3636 1319 3700 sint
1340 3636 1394 3700 ad-

174 3742 298 3818 iunctis,
331 3744 362 3806 et
392 3741 464 3823 quid
494 3742 612 3824 spectet
634 3740 729 3805 oratio
758 3741 857 3822 aperit
884 3741 932 3805 his
959 3741 1060 3806 verbis
1082 3740 1099 3823 ᾗ
1124 3742 1217 3806 263;’
1240 3740 1392 3824 (συμβου-

175 3836 255 3910 λεέω
279 3836 338 3932 γάρ
361 3863 415 3910 σοι
439 3892 498 3909 ...
522 3835 578 3908 τὸν
599 3834 694 3929 λόγον
717 3893 776 3908 ...
801 3834 984 3910 διαδιδόναι
999 3847 1069 3922 τοῖς
1082 3845 1290 3928 βουλομένοις
1309 3845 1392 3927 λαμ-

176 3941 306 4035 βάνειν),
341 3942 434 4036 ε’δπερ
465 3941 573 4033 βούλει
606 3943 810 4036 χαρίσασθαι
841 3947 901 4031 μέν
933 3953 1004 4028 τοῖς
1038 3942 1297 4028 ἐπιεικεστάτοις
1328 3947 1393 4014 τῶν

174 4046 327 4143 Ἑλλήνων
348 4052 405 4119 καὶ
427 4058 497 4132 τοῖς
519 4044 563 4133 ὦς
584 4041 719 4142 dipsas
748 4052 985 4143 φιλοσοφοῦσιν
1012 4043 1095 4119 ἀλλὰ
1116 4046 1162 4142 μὴ
1184 4075 1390 4142 προσποιου-

174 4158 300 4244 μένοις,
331 4156 475 4248 λνπῆσαι
503 4159 541 4226 δέ
562 4151 657 4238 τοὺς
679 4151 970 4244 θαυμάζοντας
996 4157 1069 4243 μέν
1090 4150 1140 4225 τὰ
1167 4151 1215 4225 σὰ
1237 4157 1391 4243 μᾶλλον
