3102 4696
725 165 766 226 35

139 373 281 437 ΒΙκεεὶο1
311 373 514 437 assentientes
542 373 722 456 putabimus
752 373 940 455 prooemium
970 391 1042 436 cum
1073 371 1207 436 oratione
1230 372 1353 435 omnino

138 497 198 540 non
221 479 389 553 cohaerere,
420 479 463 542 ita
491 482 529 542 ut
555 479 676 560 loquaci
704 482 860 543 senectute
889 481 1040 542 oratorem
1068 477 1107 541 ad
1130 478 1205 541 talia
1228 478 1353 541 confuse

138 586 169 646 et
191 585 339 665 permixte
363 584 534 647 enarranda
556 585 725 648 adductum
749 603 816 648 esse
839 583 1026 648 credendum
1042 584 1091 647 sit.
1131 582 1212 647 Sane
1228 583 1353 664 quidem

138 689 239 751 orator
261 707 323 752 non
346 689 458 753 diserte
481 689 619 771 exposuit
642 707 776 770 quonam
792 688 911 753 vinculo
935 689 1142 753 contineretur
1164 688 1353 770 prooemium

138 811 211 855 oum
240 794 360 874 reliqua
390 794 540 868 oratione;
572 793 625 858 sed
654 811 704 858 res
734 813 794 857 non
823 797 889 858 tam
919 795 1048 858 obscura
1079 796 1126 857 cst
1153 797 1190 858 ut
1212 793 1354 874 ‚intellegi

138 898 261 961 omnino
284 901 424 978 nequeat.
483 896 656 976 Quominus
679 898 761 962 enim
785 899 905 962 Blaesio
936 898 1160 980 adstipulemur
1190 898 1222 960 id
1249 899 1352 961 obstat

138 1002 218 1082 quod
247 1001 397 1066 Isocrates
429 1003 494 1083 ipse
527 1003 561 1066 in
593 1002 745 1083 prooemio
779 1022 845 1066 rem
878 1004 1033 1085 postulare
1067 1003 1140 1067 dicit
1174 1005 1209 1066 ut
1242 1003 1281 1066 ab
1315 1003 1352 1065 iis

137 1106 264 1188 incipiat
286 1124 365 1187 quac
388 1106 446 1170 sibi
468 1107 526 1188 ipsi
549 1107 706 1172 evenerint
734 1107 768 1189 (β
793 1109 811 1172 5
839 1104 1031 1189 διαλέξομαι
1060 1105 1097 1170 δὲ
1127 1103 1204 1192 περί
1232 1128 1268 1170 τε
1289 1103 1354 1169 τῶν

137 1207 176 1296 τῇ
205 1201 303 1274 πόλει
331 1208 569 1297 πεπραγμένων
598 1210 655 1275 καί
686 1210 763 1298 περὶ
793 1209 850 1297 τῆς
877 1209 942 1277 τῶν
969 1202 1136 1297 προγόνων
1161 1199 1274 1297 ἀρετῆς
1297 1199 1353 1274 οἰκ

137 1302 207 1378 ἀπὸ
229 1306 349 1379 τοότων
371 1303 553 1401 ἀρξόμενος,
584 1304 654 1379 ἀλλ’
677 1303 748 1380 dni
769 1313 833 1380 τῶν
856 1313 929 1397 ἐμοὶ
953 1306 1218 1402 συμβεβηκότων·
1250 1312 1353 1378 ἐντεῦ-

140 1424 201 1484 θεν
223 1411 283 1505 γὰρ
306 1411 399 1502 οἶμαι
413 1417 535 1502 μᾶλλον
551 1407 654 1506 <iiv>²
677 1416 902 1506 κατεπείγειν).
943 1421 968 1485 E
985 1422 1096 1503 quibus
1113 1422 1211 1486 verbis
1228 1424 1354 1503 apparet

138 1544 174 1590 ea
197 1544 276 1608 quac
307 1527 341 1589 in
364 1527 514 1609 prooemio
543 1528 689 1608 leguntur
718 1527 819 1608 aliquo
842 1527 933 1590 modo
955 1526 1106 1609 pertinere
1129 1545 1203 1590 sane
1226 1526 1265 1589 ad
1288 1543 1355 1588 ora-

138 1631 230 1696 tionis
261 1631 459 1713 propositum.
511 1631 597 1697 Adde
626 1632 706 1713 quod
738 1633 828 1714 paulo
857 1633 937 1695 inira
965 1635 1067 1696 orator
1097 1649 1182 1714 spem
1206 1631 1264 1694 sibi
1288 1649 1354 1694 esse

138 1736 280 1800 enuntiat
313 1737 351 1800 iis
386 1754 465 1817 quae
500 1735 560 1799 sibi
592 1736 651 1818 ipsi
684 1736 852 1801 acciderint
884 1736 1062 1818 praemissis
1090 1737 1226 1816 legentes
1257 1754 1289 1800 se
1319 1754 1354 1800 eo

138 1840 346 1905 adducturum
383 1853 451 1906 esse
489 1843 526 1904 ut
563 1841 714 1905 attentius
755 1841 787 1904 in
825 1842 993 1906 orationem
1036 1841 1199 1906 intendant
1236 1840 1354 1904 animos

138 1944 173 2027 (ᾖ
197 1946 217 2008 6
248 1940 372 2023 ἐλπίζω
394 1935 449 2008 τόν
478 1940 657 2009 ἐπίλοιπον
684 1935 795 2030 χρόνον
823 1932 918 2022 οὗτὸς
946 1933 975 2008 τ’
999 1932 1133 2021 ἄλόπως
1155 1935 1276 2023 διάξειν
1298 1943 1355 2007 καὶ

136 2045 182 2134 τῷ
211 2039 296 2134 λόγῳ
324 2046 371 2135 τῷ
398 2048 548 2132 μέλλοντι
570 2040 778 2136 ῥηθήσεσθαι
806 2041 881 2126 τοὺς
909 2040 1073 2135 παρόντας
1100 2046 1222 2130 μᾶλλον
1249 2067 1354 2135 προσ-

138 2151 220 2232 έξειν
246 2145 301 2217 τόν
329 2151 421 2238 νοῦν).
474 2154 592 2234 Quibus
623 2157 724 2220 verbis
752 2156 826 2237 quid
848 2156 933 2219 aliud
955 2158 1107 2220 oratorem
1129 2156 1297 2237 exprimere
1320 2155 1354 2218 in

141 2259 243 2322 animo
271 2260 417 2324 habuisse
444 2264 590 2342 putemus
619 2261 678 2324 nisi
701 2261 745 2323 ita
776 2259 899 2324 affectos
922 2260 985 2324 fore
1009 2262 1145 2341 legentes
1169 2278 1201 2323 se
1225 2278 1355 2342 sperare,

141 2364 170 2426 si
183 2365 369 2444 prooemium
385 2365 588 2446 cognoverint,
611 2368 647 2428 ut
666 2364 834 2429 orationem
858 2365 982 2446 penitus
997 2365 1204 2447 perspiciant?
1243 2364 1357 2446 Utique

141 2471 280 2532 constare
313 2488 474 2534 censemus
509 2469 677 2534 Isocratem
714 2471 817 2551 aperte
855 2469 955 2550 eloqui
990 2487 1057 2533 esse
1091 2469 1282 2550 prooemium
1316 2468 1356 2532 ad

141 2573 310 2638 orationem
333 2574 433 2657 ipsam
456 2573 532 2639 satis
554 2574 793 2655 intellegendam
816 2574 1032 2639 necessarium.

226 2697 294 2760 Iam
325 2697 474 2778 quomodo
508 2697 697 2779 prooemium
734 2699 766 2761 et
798 2697 865 2780 ipsa
899 2697 995 2782 oratio
1024 2696 1104 2761 inter
1134 2715 1166 2761 se
1196 2697 1357 2760 videantur

139 2801 297 2867 referenda
319 2821 386 2866 csse
409 2802 621 2884 exponendum
647 2805 703 2866 est.
750 2800 863 2866 Omnia
892 2802 989 2882 igitur
1019 2819 1098 2882 quae
1124 2801 1276 2883 prooemio
1304 2821 1358 2864 no-

140 2907 261 2970 biscum
283 2907 552 2971 communicantur
571 2926 606 2972 eo
629 2906 759 2971 redeunt
779 2909 817 2971 ut
837 2909 938 2971 orator
953 2906 990 2971 de
1005 2925 1117 2970 manca
1133 2925 1228 2987 quam
1242 2907 1356 2970 habeat

139 3011 329 3076 auctoritate
345 3012 427 3094 apud
454 3012 535 3076 cives
563 3030 635 3076 suos
665 3013 827 3093 querutum
857 3011 935 3074 duas
962 3011 1046 3075 enim
1076 3011 1192 3092 species
1215 3011 1357 3074 adversa-

139 3116 255 3179 riorum
270 3117 319 3180 vel
334 3117 575 3180 obtrectatorum
595 3116 656 3180 sibi
676 3118 795 3182 exstare
816 3115 984 3181 identidem
1003 3115 1208 3197 conqueritur,
1226 3116 1356 3180 alteram

140 3221 349 3302 sophistarum
370 3221 680 3302 improbissimorum,
703 3221 756 3303 qui
779 3221 817 3284 de
839 3219 923 3284 fama
938 3239 994 3284 suu
1018 3219 1199 3296 detrahant,
1224 3222 1356 3284 alteram

140 3326 361 3407 imperitorum,
384 3325 435 3407 qui
458 3344 491 3389 se
514 3326 610 3390 talem
633 3325 757 3407 qualem
773 3343 792 3388 a
807 3324 1080 3389 calumniatoribus
1100 3325 1163 3388 illis
1182 3324 1357 3389 audiverint

139 3429 278 3494 iudicent
301 3429 335 3511 (ᾖ
360 3431 378 3493 5
409 3419 608 3513 πειρώμενος
636 3419 695 3515 γὰρ
723 3416 952 3514 ἀναμαρτήτως
980 3425 1034 3515 ζῆν
1061 3425 1117 3492 καί
1144 3431 1215 3505 τοῖς
1246 3414 1358 3506 όίλλσις

140 3521 289 3612 ἇλόπως,
320 3520 432 3597 οόδένα
461 3529 656 3596 διαλίλοιπα
684 3524 794 3614 χρόνον
822 3521 889 3596 όπὸ
918 3530 978 3614 μὲν
1006 3529 1070 3596 τῶν
1098 3529 1265 3620 σοφιστῶν
1293 3529 1357 3596 τῶν

140 3626 307 3720 ἀδοκίμων
332 3636 390 3701 καί
417 3634 565 3724 πονηρῶν
594 3628 859 3720 διαβαλλόμενος,
889 3624 948 3700 ὑπ’
978 3624 1083 3701 ίίλλων
1114 3635 1151 3701 δέ
1177 3659 1272 3701 τινων
1302 3625 1357 3717 οόχ

142 3731 212 3818 οἶός
233 3737 301 3824 είμι
324 3733 577 3828 γιγνωσκόμενος
599 3729 681 3805 ἀλλὰ
702 3738 847 3818 τοιοῦτος
868 3731 1174 3824 όπολαμβανόμενος
1193 3731 1262 3806 οἷον
1276 3731 1356 3829 παρ’

231 4008 241 4038 ¹
259 4004 316 4058 Ate.
334 4003 438 4058 Bereds.
457 4003 493 4058 Il.
511 4020 536 4072 p.
550 4004 611 4058 293.

231 4085 295 4143 'riv
317 4091 379 4145 addi
403 4094 509 4159 propter
532 4091 688 4144 senientiam
712 4090 815 4144 videtur
838 4091 1010 4144 necessarium
1029 4107 1098 4159 esse,
1121 4091 1272 4158 praesertim
1297 4107 1356 4144 cum

140 4179 168 4231 in
187 4178 242 4232 cod.
262 4178 353 4232 Urbiu.
373 4179 416 4232 hic
434 4178 500 4232 duae
518 4178 559 4231 vcl
577 4183 631 4231 tres
649 4178 751 4232 litterae
770 4177 869 4231 deletae
887 4177 967 4254 sint„

1152 4264 1197 4326 3*
