3102 4696
717 148 758 210 27

131 356 172 418 tia
195 357 405 420 coniunctam
429 358 541 420 animis
564 357 752 432 innascatur,
774 360 811 421 de
835 377 896 439 qua
919 357 1019 421 omnis
1044 358 1085 420 sit
1107 359 1202 421 oratio
1228 357 1257 440 (ξ
1283 359 1345 421 183

130 457 186 546 τῆς
213 463 284 537 τοῖς
313 460 426 538 καλοῖς
453 449 617 545 κάγαθοῖς
638 459 702 527 τῶν
724 450 885 588 άνδρῶν
869 483 902 525 εν
929 464 1003 538 ταῖς
1025 464 1146 581 ψυχαῖς
1166 483 1227 543 μετ
1259 449 1347 526 εὗσε-

130 559 222 647 βείας
255 564 311 630 καὶ
346 557 601 654 δικαιοσύνης
580 565 890 686 εγγιγνομίνης,
926 565 1003 653 περὶ
1025 548 1063 654 ἧς
1095 555 1186 644 δίπας
1209 556 1226 630 δ
1253 558 1349 652 λόγος

131 665 284 753 εστίν),ε
268 673 419 754 etpergit
440 673 458 754 ἓ
483 674 546 738 184
575 654 620 760 ἧς
650 660 945 759 δλιγωροῦντές
972 695 1083 748 τινες
1113 663 1349 758 ἐγκωμιάζουσι

129 767 204 853 τοὺς
225 771 329 840 πλείω
351 774 415 840 τῶν
436 765 540 841 datae
562 767 786 865 ἡμαρτηκότας
807 777 864 841 καί
888 765 945 841 οὐκ
965 769 1179 841 αἰσθάνονται
1201 769 1260 854 τὰς
1275 777 1347 841 δια-

130 877 220 958 νοίας
243 872 496 960 ἐπιδεικνύοντες
522 874 582 960 τάς
608 880 766 971 σφετέρας
789 871 901 961 αι’πιῖν,
927 871 977 946 δτι
999 871 1165 960 κάκείνους
1187 869 1226 946 δν
1249 880 1347 946 ἐπαι-

132 984 254 1050 νέσειαν
274 977 349 1064 τοὺς
370 984 475 1052 πλείω
496 985 556 1070 μὲν
577 985 789 1075 κεκτημένους
803 985 867 1052 τῶν
883 981 1009 1065 ἱκανῶν,
1032 976 1225 1052 οῖποκτεῖναι
1257 975 1287 1050 δ’
1310 975 1349 1052 δν

66 1091 70 1095 ’
129 1080 1350 1181 ωφΜΜωωωάΜψωωωώώωωωωὴώωμωωω

130 1188 301 1275 κοινωνοὺς
324 1185 405 1261 ὥστε
428 1196 484 1262 καί
506 1186 660 1263 τάκείνων
681 1199 801 1282 λαβεῖν.
848 1200 930 1264 Hinc
952 1201 1024 1264 licet
1052 1200 1175 1279 agnosci
1199 1218 1348 1282 quosnam

129 1303 312 1368 intellexerit
340 1307 444 1368 orator
473 1304 647 1370 laudatores
679 1306 999 1370 Lacedaemoniorum.
1053 1304 1133 1384 Quid
1155 1306 1224 1368 ita?
1269 1304 1349 1384 Quia

130 1408 314 1472 adiuvamur
335 1411 368 1473 in
402 1411 462 1473 hac
484 1430 517 1474 re
538 1411 752 1492 investiganda
774 1430 808 1476 eo
832 1411 914 1493 quod
936 1411 1095 1492 neglegere
1118 1410 1262 1474 dicuntur
1284 1410 1350 1473 lau·

130 1514 251 1579 datores
281 1515 328 1578 illi
350 1514 660 1580 Lacedaemoniorum
692 1517 839 1581 virtutem
867 1517 978 1581 animis
1008 1517 1169 1580 hominum
1193 1534 1211 1578 a
1234 1517 1346 1579 natura

129 1621 257 1684 insitam
274 1600 323 1704 (ἧς
343 1606 568 1705 δλιγωροῦντίς
577 1642 662 1696 τινες
682 1612 918 1705 ἐγκωμιάζουσι
936 1620 1028 1705 κτλ).
1064 1621 1097 1685 si
1114 1621 1208 1703 igitur
1219 1639 1255 1684 ea
1270 1639 1349 1702 quac

130 1745 225 1808 supra
237 1724 319 1789 dicta
331 1727 413 1803 sunt
425 1725 593 1790 Isocratem
605 1727 888 1808 opprobriovertere
900 1727 1019 1791 Platoni
1031 1727 1111 1808 quod
1130 1745 1237 1790 veram
1254 1726 1350 1790 rirtu-

128 1834 195 1896 tem
206 1831 266 1895 nisi
279 1850 315 1895 en
327 1831 454 1896 scientia
465 1833 617 1914 procreari
627 1851 688 1895 non
701 1852 789 1915 posse
802 1833 917 1909 doceat,
929 1833 984 1896 tibi
996 1833 1029 1896 in
1036 1832 1218 1896 memoriam
1224 1831 1351 1895 reduxe-

129 1937 182 2013 ris,
205 1937 254 2000 vix
276 1939 307 2000 tc
330 1936 428 2017 fugiet
450 1938 533 2002 hunc
555 1938 657 2002 locum
680 1940 817 2020 spectare
840 1938 880 2001 ad
903 1937 1074 2002 Socraticos
1097 1937 1145 2001 vel
1167 1937 1349 2000 Platonicos.

129 2042 276 2106 Ludibrio
287 2042 381 2122 igitur
395 2043 489 2107 habet
500 2045 602 2107 orator
613 2044 750 2107 aemulos
763 2043 843 2125 quod
861 2044 1007 2108 virtutem
1020 2042 1196 2107 hominibus
1207 2043 1350 2105 innatam

131 2148 261 2229 superbe
278 2147 457 2229 despiciant,
473 2167 546 2212 oum
563 2148 662 2230 qualis
678 2149 719 2212 sit
734 2148 831 2212 virtus
843 2167 938 2230 quam
948 2148 1006 2230 ipsi
1021 2147 1236 2212 commendent
1247 2147 1349 2210 ridere

128 2253 236 2327 licoat3
255 2271 330 2316 nam
345 2255 484 2318 mentem
507 2272 597 2317 suam
621 2272 671 2318 cos
695 2254 812 2335 aperire
835 2242 906 2335 (τὰς
928 2247 1074 2328 διανοίας
1096 2240 1351 2327 ἐπιδεικνύοντες

129 2346 190 2432 τὰς
211 2354 367 2442 σφετέρας
391 2349 505 2441 αὐτῶν)
523 2358 789 2434 Lacedaemonios,
812 2358 866 2439 qui
887 2359 976 2440 plura
999 2377 1094 2439 quam
1116 2358 1209 2422 ceteri
1233 2359 1349 2421 seelera

129 2461 353 2538 commiserint,
378 2463 595 2528 collaudantes.
629 2463 845 2555 *Dubitationis
876 2463 957 2545 quod
982 2465 1080 2526 restat
1102 2462 1230 2528 fortasse
1257 2462 1349 2526 alicui

126 2567 269 2631 futurum
296 2587 362 2633 esse
391 2571 428 2632 ut
449 2569 572 2633 omnino
599 2568 726 2632 tollatur
748 2568 881 2644 confido,
905 2568 932 2632 si
955 2569 1030 2632 alios
1055 2568 1213 2632 attulerim
1248 2569 1347 2643 locos3

125 2692 144 2737 e
178 2673 290 2755 quibus
324 2693 423 2737 unum
469 2675 509 2738 ad
543 2675 705 2739 Platonem
741 2675 892 2756 portinere
925 2674 989 2737 iam
1027 2672 1208 2756 Spengelius
1241 2673 1349 2737 vidit1.

126 2778 185 2842 ast
214 2781 320 2844 autem
352 2779 403 2843 hic
435 2782 455 2859 ὅ
488 2780 549 2843 117
578 2777 667 2843 δυοῖν
695 2769 754 2864 γάρ
784 2769 989 2863 πραγμάτοιν
1018 2775 1278 2864 προτεινομένοιν
1304 2768 1349 2863 μὴ

126 2877 323 2947 σπουδαίων
356 2879 490 2969 κρείττω
522 2875 579 2969 τὴν
606 2884 728 2968 αἵρεσιν
760 2873 843 2947 εἶναι
872 2880 930 2947 τοῦ
964 2874 1052 2948 δεινά
1080 2885 1189 2946 ποιεῖν
1224 2877 1350 2966 ἑτέρους

125 2975 309 3070 ἢπάσχειν
331 3011 444 3066 αυτους
466 2988 523 3052 καί
553 2984 610 3053 τοῦ
638 2979 683 3075 μὴ
712 2985 848 3065 δικαίως
869 2986 934 3052 τῶν
961 2975 1115 3052 άλλων”
1093 3010 1200 3074 αρχειν
1228 2984 1350 3069 μαλλον

126 3118 147 3180 η
171 3084 346 3213 φείγοντας
374 3085 431 3180 τὴν
453 3088 561 3157 αἰτίαν
582 3117 698 3182 ταυτην
725 3081 848 3171 άδίκως
871 3090 1152 3175 Λακεδαιμονίοις
1174 3083 1348 3157 δουλευειν·

126 3186 214 3285 άπερ
234 3187 377 3275 άπαντες
395 3185 496 3280 adest*
474 3223 513 3262 αν
534 3194 647 3263 νοῦν”
625 3222 748 3279 εχοντες
770 3195 895 3264 ε’λοιντο
917 3221 974 3262 και
965 3197 1191 3285 βουληθεῖεν,
1217 3185 1351 3283 ολίγοι

127 3290 209 3367 δάν
240 3325 344 3380 τωες
383 3300 456 3367 τῶν
495 3302 852 3390 προσποωωμένων
890 3326 996 3368 macr
1031 3299 1166 3390 σοφῶν
1200 3299 1350 3388 ἐρωτη-

127 3405 272 3486 θέντες
295 3397 363 3472 οὐκ
386 3395 431 3473 δν
454 3400 640 3496 φήσαιεν.
687 3411 795 3476 Verbis
819 3406 1110 3496 προσποιουμένων
1132 3399 1215 3473 εῖναι
1239 3404 1350 3496 σοφοῖν

127 3513 261 3579 dilucide
284 3514 459 3597 flagellatur
482 3515 587 3591 Plato,
615 3516 669 3597 qui
696 3517 734 3580 iis
757 3535 836 3598 quae
866 3516 923 3580 hoc
953 3517 1018 3580 loco
1047 3517 1086 3579 ab
1109 3515 1243 3580 Isocrate
1266 3533 1351 3579 com·

125 3619 314 3684 mendantur
347 3639 471 3702 prorsus
508 3621 660 3684 contraria
690 3621 812 3696 laudat;
848 3640 874 3685 e
898 3640 942 3702 gr.
973 3621 1010 3685 de
1039 3621 1114 3702 Rep.
1144 3620 1160 3682 I
1191 3619 1287 3683 335ο
1315 3612 1347 3681 εί

124 3709 190 3808 δίρα
224 3713 265 3788 τά
294 3714 531 3811 interlineare
515 3715 641 3810 εκάστω
671 3712 868 3789 άποδιδοναι
900 3721 981 3812 φησί
1009 3747 1060 3800 τις
1092 3719 1221 3787 δίκαιον
1256 3713 1340 3786 εἶναι

124 3825 275 3893 τοῦτοδὲ
297 3820 337 3916 δὴ
359 3832 425 3894 νοεῖ
448 3815 543 3915 αυτῷ,
566 3831 637 3906 τοῖς
658 3827 717 3911 μὲν
740 3825 874 3916 ἐχθροῖς
894 3820 1017 3916 βλάβην
1040 3819 1235 3916 ὀφείλεσθαι
1257 3794 1349 3912 παρά

124 3930 185 3998 τοῦ
214 3929 342 3999 δικαίου
375 3923 506 4021 άνδράς,
537 3937 608 4012 τοῖς
636 3931 673 3998 δὲ
708 3930 819 4022 φίλοις
849 3922 1017 4023 ὠφέλειαν,
1050 3955 1108 3997 ουκ
1136 3918 1173 4019 ἦν
1203 3921 1348 4020 σοφὸςε
1332 3955 1350 3996 ο

217 4185 225 4214 ¹
245 4181 275 4234 L.
294 4196 316 4237 c.
336 4196 362 4248 p.
381 4180 441 4236 756.
