3102 4696
721 171 761 233 19

134 376 260 462 μαχῶν·
291 371 375 466 πρὸς
403 372 462 466 γὰρ
484 379 523 467 τῇ
554 380 630 468 περὶ
655 380 821 463 Σαλαμῖνα
843 371 899 468 τήν
921 379 997 465 περὶ
1019 371 1057 444 τὸ
1071 368 1274 466 Ἀρτεμίσιόν
1296 400 1349 444 σοι

135 477 319 573 προσθήσω
347 478 431 550 κατὰ
453 479 621 551 θάλατταν
642 478 765 574 μάχην).
812 487 878 568 Quo
902 491 1039 570 spectare
1063 489 1193 551 arbitror
1217 488 1347 551 Panath.

137 593 282 669 50-52‚
312 594 365 658 ubi
393 595 487 658 totius
519 595 590 658 belli
613 594 726 658 Persici
749 596 942 658 momentum
973 593 1082 658 fecisse
1104 612 1242 675 pugnam
1264 594 1350 656 illam

136 702 276 766 navalem
306 701 498 783 praedicetur
542 700 579 783 (ἓ
604 702 645 764 50
675 691 732 786 τήν
758 693 988 781 ναυμαχίαν
1021 690 1077 785 τήν
1113 690 1353 785 ποιήσασαν

138 797 269 892 ῥοπήν
290 794 476 887 ἅπαντας
496 802 563 870 τοῦ
587 804 801 891 πολέμου),
818 809 993 888 quantoque
1008 807 1121 869 virtute
1143 805 1251 869 ceteris
1266 823 1353 887 prae-

139 913 271 975 stiterint
298 912 331 975 in
362 931 398 976 ea
429 913 629 976 Athenienses
658 915 752 976 testes
781 912 920 975 omnium
949 911 1128 993 peritissimi
1156 910 1352 974 nominentur

139 1017 232 1099 ipsius
260 1017 334 1081 belli
364 1018 507 1099 aequales
544 1017 596 1098 qni
625 1020 694 1080 tum
727 1017 934 1099 principatum
970 1035 988 1080 a
1017 1017 1266 1080 Lacedaemoniis
1301 1016 1353 1079 de-

137 1122 263 1186 tulerint
292 1122 331 1186 ad
358 1123 426 1186 illos
461 1122 497 1204 (ξ
522 1123 562 1185 52
590 1112 759 1208 τεκμήριον
793 1117 829 1186 δέ
862 1118 1031 1206 μέγιστον·
1062 1108 1255 1207 ἀφελόμενοι
1291 1112 1350 1206 γὰρ

138 1221 423 1308 Λακεδαιμονίους
452 1217 508 1314 τήν
536 1216 705 1312 ήγεμονίαν
736 1221 766 1290 οἱ
796 1218 1110 1311 συγκινδυνεόσαντες
1140 1228 1211 1303 τοῖς
1239 1215 1353 1312 ἡμετέ-

141 1353 209 1416 ροις
241 1328 443 1416 παρέδοσαν·
478 1328 586 1396 καίτοι
615 1327 731 1408 τίνας
759 1319 804 1395 ἶνίν
825 1355 888 1408 τις
909 1323 1052 1417 κριτὰς
1083 1326 1355 1418 ἱκανωτέρους

140 1427 372 1522 ποιήσαιτο
401 1435 468 1500 καί
499 1436 774 1522 πιστοτέρους
802 1434 881 1500 τῶν
909 1428 1002 1500 τότε
1035 1435 1307 1522 πραχθέντων
1334 1423 1355 1522 lp*

138 1532 237 1617 τοὺς
265 1538 307 1604 ἐν
334 1529 479 1618 αὐτοῖς
506 1545 595 1618 τοῖς
624 1530 754 1626 ἆγῶσι
776 1540 1157 1627 παραγενομένους,·
1184 1537 1235 1618 τίς
1264 1527 1356 1604 δ’δν

138 1634 315 1731 εὐεργεσίαν
350 1641 456 1710 εἰπεῖν
493 1642 561 1727 ἐχοι
599 1637 715 1732 ταύτης
739 1642 841 1728 μείζω
875 1643 931 1732 τῆς
964 1635 1097 1710 ἅπασαν
1129 1637 1186 1734 τήν
1218 1635 1355 1710 Ἑλλάδα

139 1748 245 1813 σῶσαι
268 1746 460 1837 δυνηθείσης
467 1752 500 1834 ,·).
549 1752 774 1817 Vemmtamen
793 1752 1023 1829 Teiehmueller‚
1047 1772 1119 1816 cum
1141 1772 1190 1817 res
1214 1752 1354 1834 cupidius

138 1857 337 1939 conquireret,
360 1858 392 1920 in
415 1857 569 1921 nonnullis
591 1857 706 1922 nimius
729 1857 797 1922 fnit.
850 1858 959 1938 Itaque
989 1858 1069 1938 quod
1099 1858 1186 1921 Plato
1209 1859 1353 1939 postulat,

139 1965 175 2026 ut
197 1962 330 2044 optimae
353 1963 463 2043 cuique
493 1963 610 2027 civitati
640 1966 671 2026 et
693 1963 800 2044 lingua
832 1965 863 2027 et
891 1982 990 2028 meres
1015 1967 1046 2027 et
1068 1981 1156 2027 sacra
1189 1964 1252 2026 sint
1274 1982 1356 2026 oom-

141 2068 245 2132 munia
274 2066 377 2149 (Legg.
404 2069 500 2132 7070
523 2071 555 2132 et
579 2069 674 2132 7080
702 2058 822 2149 τὸμὲν
851 2058 910 2154 γὰρ
941 2065 975 2131 ἐν
996 2091 1029 2131 τι
1059 2058 1141 2132 εἶναι
1165 2064 1254 2152 γένος
1277 2056 1354 2148 όμό*

140 2194 247 2258 φωνον
269 2168 325 2235 καὶ
350 2161 508 2254 ὁμόνομον
532 2167 597 2252 ἔχει
624 2163 696 2235 τινὰ
718 2169 839 2258 φιλίαν,
871 2165 1022 2237 κοινωνὸν
1046 2167 1136 2259 ἱερῶν
1157 2159 1194 2236 δν
1216 2171 1273 2235 καί
1295 2168 1360 2235 τῶν

141 2267 295 2340 τοιούτων
317 2267 471 2362 πάντων),
493 2279 550 2341 hoc
566 2278 718 2359 excepisse
734 2279 801 2342 vult
824 2279 902 2343 etin
918 2279 1041 2343 laudem
1061 2280 1215 2343 maiorum
1232 2297 1358 2342 suorum

144 2383 272 2446 vertisse
294 2383 470 2460 Isocratem,
494 2402 567 2447 cum
589 2384 645 2446 hos
669 2383 747 2446 solos
770 2403 786 2447 e
810 2381 934 2448 Graecis
958 2383 1064 2448 eodem
1088 2383 1168 2464 quod
1192 2385 1358 2448 incolerent

144 2487 207 2552 solo
236 2489 357 2552 innatos
387 2506 486 2569 neque
517 2506 533 2553 e
563 2488 769 2570 compluribus
791 2489 936 2569 gentibus
967 2489 1078 2552 mixtos
1101 2507 1201 2569 neque
1225 2489 1359 2552 advenas

143 2612 210 2658 esse
238 2594 442 2675 pronuntiarit
470 2593 501 2680 (ᾖ
526 2595 589 2657 124
621 2580 715 2669 όντας
745 2589 782 2657 δέ
811 2583 891 2680 μήτε
924 2584 1067 2678 μιγάδας
1088 2581 1162 2680 μήτ’
1186 2584 1359 2680 ἐπήλυδας,

143 2685 225 2761 ἄλλα
251 2689 367 2780 μόνους
396 2686 597 2780 αὐτόχθονας
627 2694 692 2762 τῶν
719 2688 873 2786 Ἑλλήνων
903 2697 985 2783 κτλ).
1042 2698 1102 2764 Sed
1130 2702 1252 2782 prepter
1280 2700 1361 2762 hanc

143 2804 244 2886 ipsam
265 2804 413 2869 virtutem
442 2823 478 2868 ac
500 2804 723 2886 praestantiam
746 2805 810 2890 nori
830 2806 924 2870 semel
947 2804 1085 2869 videmus
1114 2804 1257 2869 laudibus
1281 2805 1360 2868 cele-

144 2909 226 2972 brari
248 2909 450 2973 Athenienses
473 2910 513 2973 ab
535 2911 666 2984 oratores
696 2908 833 2974 conferas
856 2909 937 2973 enim
960 2910 1074 2992 Paneg.
1093 2910 1134 2972 54
1164 2899 1281 2993 ταύτην
1302 2899 1362 2993 γὰρ

145 3007 293 3094 οἰκοῦμεν
322 3000 377 3092 οόχ
408 3009 534 3099 ἐτέρους
566 3003 755 3095 ἐκβαλόντες
785 2999 850 3077 οὗδ)
882 3004 998 3099 ἐρήμην
1025 3004 1260 3096 καταλαβόντες
1295 2999 1361 3076 οὐδ’

147 3114 184 3180 ἐκ
221 3114 351 3181 πολλῶν
387 3115 493 3182 ἐθνῶν
529 3109 665 3203 μιγάδες
701 3115 914 3203 συλλεγέντες,
951 3104 1021 3181 οἰλλ>
1059 3107 1141 3182 οὕτω
1170 3114 1278 3195 καλῶς
1305 3116 1362 3180 καί

145 3219 282 3308 γνησίως
311 3213 482 3308 γεγόναμεν
504 3209 581 3286 ὥστ>
605 3220 641 3302 ἐξ
662 3204 768 3309 λαπερ
791 3218 918 3310 ἔφυμεν,
949 3213 1064 3309 ταόιην
1088 3217 1210 3303 ἔχοντες
1232 3212 1362 3288 ἅπαντα

144 3317 201 3391 τὸν
236 3318 347 3413 χρόνον
382 3325 586 3410 διατελοῦμεν
620 3314 814 3408 αὐτόχθονες
849 3315 938 3405 όντες
972 3327 1032 3391 κτλ
1063 3332 1094 3393 et
1121 3329 1158 3394 de
1181 3348 1255 3411 pace
1286 3331 1361 3393 orat.

145 3433 239 3516 §la
316 3432 382 3512 Quo
417 3452 486 3498 vero
520 3434 552 3497 in
586 3434 774 3499 eratiombns
808 3435 871 3498 iam
906 3436 977 3499 ante
1011 3435 1094 3516 leges
1127 3435 1223 3500 editas
1259 3432 1362 3516 (annis

146 3556 175 3602 a.
200 3536 255 3602 eh.
278 3558 308 3602 n.
332 3541 396 3602 380
428 3540 460 3603 et
490 3539 566 3623 356)
597 3539 775 3621 conscriptis
806 3540 913 3603 ceteris
942 3539 1073 3621 potiores
1096 3559 1163 3604 esse
1186 3540 1267 3604 cives
1291 3557 1362 3602 suos
1472 3561 1474 3565 ·

146 3643 200 3707 ille
223 3644 300 3708 solet
322 3643 540 3720 demonstrare,
569 3663 630 3707 non
653 3647 700 3707 est
723 3663 779 3708 cnr
801 3644 883 3708 idem
906 3645 938 3707 in
960 3644 1187 3710 Panathenaico
1209 3645 1362 3727 prolatum

147 3748 189 3811 ad
218 3749 311 3813 verba
345 3750 399 3812 illa
427 3749 565 3812 Platonis
598 3767 785 3813 revocemus.
841 3748 921 3812 Item
954 3751 986 3813 in
1020 3769 1055 3815 eo
1088 3750 1204 3813 nimius
1238 3752 1287 3812 est
1318 3749 1364 3811 vir

147 3853 258 3918 doctus
295 3854 376 3936 quod
410 3854 516 3936 ponit¹
558 3854 682 3918 Platoni
716 3854 917 3934 interroganti
956 3853 1047 3936 Legg.
1080 3855 1178 3918 715a
1211 3850 1365 3938 ποτέροις

147 3947 275 4021 τισὶνέ
306 3949 406 4035 πόλις
433 3947 509 4045 ἡμῖν
539 3954 608 4021 ἐστὶ
639 3956 876 4044 παραδοτέα
904 3959 1072 4024 Isocratem
1094 3957 1284 4041 respondisse
1307 3959 1364 4020 hoc

240 4208 250 4237 ¹
267 4204 298 4258 L.
316 4220 338 4256 c.
356 4220 380 4271 p.
399 4204 460 4258 278.
