3102 4696
757 191 776 251 2

161 398 351 470 successerit,
374 399 522 460 maiorem
544 398 673 477 gloriam
697 418 729 462 se
753 419 819 462 esse
842 402 1057 463 assecuturum
1083 399 1248 482 (as-38).
1294 400 1374 464 Tum

159 521 228 565 vero
251 503 440 584 propositum
463 504 507 566 ita
530 504 697 585 amplificat
715 507 751 567 ut
765 505 999 568 Atheniensium
1016 508 1046 568 et
1061 505 1372 569 Lacedaemoniorum

162 607 339 671 civitatibus
362 609 441 673 inter
464 627 497 672 se
520 608 732 690 comparandis
759 613 829 673 utra
852 611 965 692 optime
988 611 1099 674 merita
1122 611 1163 674 sit
1185 611 1222 675 de
1247 609 1375 675 Graecia

160 731 193 776 se
216 715 423 795 expositumm
447 733 513 778 esse
537 714 620 778 dicat
644 713 821 797 (as-42).
859 715 940 778 'Iam
963 717 1108 797 temporis
1132 717 1235 779 ordine
1255 719 1372 780 servato

159 819 270 882 merita
289 821 450 900 utriusque
471 820 601 883 civitatis
618 821 851 884 contenduntur.
889 824 934 884 Ao
949 821 1085 902 primum
1101 821 1225 903 quidem
1240 823 1373 885 ostendit

159 927 260 987 orator
289 943 323 988 eo
347 944 406 1006 quo
428 925 631 988 Athenienses
655 926 765 989 Persas
793 926 870 988 bello
892 929 1108 1008 persequentes
1133 930 1164 990 et
1186 927 1317 990 colonias
1341 927 1373 990 in

159 1031 266 1093 Asiam
295 1030 479 1094 deducentes
512 1033 668 1094 communi
699 1032 793 1094 saluti
823 1033 1033 1095 consuluerint
1060 1035 1196 1114 tempore
1222 1033 1373 1097 Lacedae-

158 1138 277 1198 monios
305 1136 336 1198 id
365 1139 488 1199 tantum
518 1137 616 1216 egisse
647 1140 683 1200 ut
711 1137 860 1201 finitimas
892 1139 982 1201 urbes
1007 1137 1183 1217 subigerent
1206 1136 1371 1222 (la-48).

158 1241 274 1304 Deinde
289 1242 491 1305 Athenienses
514 1242 593 1305 bello
610 1241 729 1306 Persico
752 1242 901 1306 maiorem
923 1243 1047 1306 laudem
1070 1243 1128 1306 sibi
1147 1243 1372 1325 comparavisse

158 1346 405 1410 Lacedaemoniis
429 1348 588 1429 exponitur
604 1347 770 1431 (49-52).
815 1348 957 1423 Eosdem,
981 1367 1053 1412 cum
1075 1350 1156 1412 mari
1174 1349 1370 1430 imperarent,

157 1453 363 1533 praestantius
392 1452 452 1516 illis
480 1471 512 1516 se
543 1453 674 1533 gessisse
699 1451 854 1537 (53—58)
880 1456 911 1516 et
932 1457 1039 1517 contra
1062 1455 1208 1517 barbaros
1231 1455 1370 1519 mehores

158 1576 190 1620 se
213 1558 390 1638 praebuisse
418 1576 506 1639 porro
529 1557 700 1621 ostenditur
733 1557 899 1642 (ts-or).
950 1557 1067 1638 Quibus
1098 1560 1240 1641 expositis
1271 1565 1372 1623 orator

158 1665 245 1725 ratus
260 1664 483 1744 praedicatores
500 1662 721 1744 Spartanomm
735 1664 785 1726 hic
802 1665 1033 1746 exprobratnros
1050 1683 1116 1728 esse
1131 1665 1370 1728 Atheniensibus

157 1769 273 1830 tributa
289 1769 376 1831 sociis
392 1769 542 1849 imperata
560 1772 591 1832 et
606 1771 698 1832 urbes
713 1769 884 1844 Meliorum,
901 1769 1124 1845 Soionaeomm
1146 1770 1370 1834 Toronaeomm

158 1873 274 1937 deletas
297 1874 505 1937 demonstrare
530 1873 634 1937 studet
656 1874 912 1938 Lacedaemonios
936 1876 1030 1938 etiam
1052 1876 1153 1957 peiora
1182 1877 1371 1939 commisisse

156 1978 321 2061 (oa-73).
377 1979 453 2042 Inde
488 1979 567 2060 quod
601 1982 880 2059 Agamemnonem,
914 1981 1097 2062 Argivorum
1129 1981 1253 2057 ducem,
1289 2000 1371 2044 oom-

155 2086 307 2147 memorat
341 2085 446 2166 arripit
475 2085 666 2148 occasionem
700 2085 737 2149 dc
770 2085 935 2149 virtutibus
970 2069 1035 2149 eius
1069 2086 1168 2150 fusius
1202 2085 1370 2168 exponendi

158 2188 325 2271 (rt-87).
384 2189 465 2252 Tum
499 2191 662 2253 revertitur
695 2209 729 2254 eo
763 2190 844 2254 unde
878 2190 1032 2270 digressus
1068 2195 1115 2254 est
1149 2195 1180 2255 et
1215 2192 1369 2274 vituperat

156 2293 424 2370 Lacedaemonios,
459 2295 539 2375 quod
570 2295 746 2358 Messanam
775 2299 806 2358 et
837 2296 980 2359 Plataeas
1015 2296 1164 2360 dimcrint
1200 2296 1367 2380 (sa-ol).

155 2399 247 2462 Porro
276 2401 331 2463 hos
361 2400 459 2464 multo
481 2401 568 2481 plura
590 2401 762 2482 peccavisse
792 2401 824 2462 in
848 2398 979 2464 Graecos
1003 2420 1098 2482 quam
1120 2401 1252 2465 maiores
1275 2403 1368 2464 Athe-

155 2505 309 2568 niensium
343 2506 411 2568 aliis
445 2506 580 2568 illustrat
614 2506 759 2587 exemplis
796 2504 984 2590 (at-107).
1044 2507 1104 2570 Hic
1137 2509 1251 2583 orator,
1287 2507 1368 2588 quod

154 2609 463 2674 Lacedaemoniorum
502 2611 675 2674 laudatores
710 2611 813 2672 omnia
850 2614 998 2692 occupata
1035 2612 1172 2676 videntes
1209 2614 1367 2694 praestan·

154 2715 292 2778 tissimae
309 2715 532 2797 Spartanorum
546 2715 589 2779 rei
606 2715 744 2797 publicae
767 2717 955 2780 mentionem
970 2717 1086 2780 illaturi
1104 2718 1174 2793 sint,
1191 2718 1367 2798 aggreditur

154 2820 193 2883 ad
222 2821 354 2883 rationes
377 2821 612 2884 Atheniensium
641 2820 847 2902 reipublicae
875 2840 947 2885 cum
969 2822 1217 2886 Lacedaemoniis
1240 2823 1273 2886 in
1297 2841 1366 2886 oon-

153 2925 321 2988 tentionem
337 2924 532 2989 adducendas
552 2925 764 3009 (roa—113).
800 2925 937 2990 Summis
957 2926 1099 2991 laudibus
1116 2927 1202 2992 effert
1216 2928 1365 2992 rationem

153 3050 214 3112 qua
237 3031 389 3094 maiomm
412 3050 461 3094 res
484 3031 623 3113 publicae
644 3050 665 3097 ,a
689 3033 812 3112 regibus
835 3033 1068 3096 administratae
1092 3034 1163 3109 sint,
1188 3036 1218 3097 et
1233 3034 1365 3096 manime

153 3136 277 3216 quidem
305 3136 412 3200 laudat
440 3136 602 3211 Theseum,
634 3136 714 3217 quod
736 3138 880 3219 populare
909 3139 1072 3220 imperium
1096 3139 1291 3220 optimatium
1314 3157 1366 3220 po-

151 3244 263 3306 testate
292 3244 499 3324 temperatum
529 3241 721 3305 constituerit
744 3241 956 3326 (ric-129).
1008 3241 1076 3322 Qua
1106 3245 1222 3325 optima
1244 3244 1288 3306 rei
1310 3263 1367 3325 pu-

151 3347 248 3411 blicae
277 3346 376 3410 forma
405 3347 488 3410 ultra
516 3348 599 3411 mille
630 3366 725 3410 annos
754 3367 852 3429 usque
882 3348 921 3411 ad
945 3347 1086 3412 Solonem
1114 3352 1145 3414 et
1166 3350 1366 3412 Pisistratum

151 3453 282 3516 maiores
320 3471 392 3516 usos
427 3471 493 3516 esse
531 3453 688 3517 contendit
724 3452 943 3536 (rao-150).
1011 3454 1079 3518 Iam
1117 3473 1195 3536 quae
1233 3455 1365 3518 actiones

152 3559 266 3621 bonum
296 3558 428 3621 civitatis
460 3560 577 3622 statum
607 3562 729 3622 secutae
766 3559 828 3622 sint
863 3579 895 3622 se
930 3559 1154 3641 explicatumm
1189 3579 1257 3624 esse
1292 3560 1366 3623 dicit

153 3663 362 3746 (rar-155).
408 3663 576 3745 Postquam
600 3683 671 3727 cum
691 3664 891 3728 Athenienses
915 3666 984 3727 tum
1006 3665 1262 3730 Lacedaemonios
1286 3666 1367 3728 vitu-

150 3769 281 3851 peravit,
316 3769 396 3850 quod
430 3769 508 3832 bello
543 3771 648 3834 contra
676 3770 786 3833 Persas
821 3769 957 3833 confecto
990 3770 1083 3834 nimis
1117 3771 1251 3851 gratiam
1285 3770 1365 3850 regis

150 3874 316 3937 Persarum
331 3874 538 3956 captavissent
556 3873 767 3958 (rso—160),
791 3875 958 3938 maioribus
975 3875 1039 3938 suis
1062 3876 1147 3939 laudi
1169 3876 1261 3940 vertit
1282 3874 1365 3956 quod

150 3979 282 4042 colonias
306 3978 487 4042 deduxerint
504 3978 703 4063 (161-167)
722 3982 752 4044 et
775 3980 944 4044 Adrastum
966 3979 1138 4044 adiuverint
1155 3979 1364 4063 (ros-174).

149 4083 306 4148 Postremo
339 4084 462 4148 iniustis
497 4083 585 4148 hellis
620 4103 638 4148 a
673 4067 954 4162 Lacedaemoniis,'
971 4088 1007 4150 ut
1040 4086 1271 4168 Peloponnesios
1307 4086 1365 4148 sub

148 4192 334 4271 potestatem
367 4190 553 4270 redigerent,
591 4191 687 4271 gestis
723 4191 923 4276 (rra-187)
943 4193 1155 4274 'opponuntur
1191 4191 1364 4256 iustissima
