3102 4696
740 156 779 217 21

655 244 865 253 —n———n-

147 382 219 456 τοῖς
241 370 351 460 νόμοις
376 370 513 443 ἐκάλεσα
536 384 567 446 et
590 382 719 446 Panath.
743 383 761 464 ξ
782 381 842 444 145
877 377 1087 443 καθέστασαν
1111 377 1169 443 ἐπὶ
1191 370 1250 457 τὰς
1271 368 1370 466 ἆρχὰς

149 477 224 562 τοὺς
259 481 501 571 προκριθέντας
540 475 607 550 ὑπὸ
641 484 705 550 τῶν
742 482 885 574 φυλετῶν
920 483 977 548 καὶ
1004 482 1151 572 δημοτῶν
1187 473 1232 550 οὗ.
1252 507 1368 572 περι-

148 580 356 678 μαχήτους
385 579 499 668 αὐτοὺς
526 582 722 679 ποιήσαντες
750 578 817 655 οὐδ
842 585 1027 672 ἐπιθυμίας
1052 577 1155 669 α’ξίας,
1179 579 1261 654 ἄλλα
1284 581 1370 654 πολὺ

149 693 271 779 μᾶλλον
300 691 588 782 λειτουργίαις
617 687 732 778 ὁμοίας
760 696 828 760 κτλ.
881 697 981 778 Igitur
1008 697 1089 779 quod
1119 697 1152 761 in
1182 696 1368 778 quibusdam

151 802 327 867 eivitatibus
355 803 443 866 Plato
473 804 640 887 vituperat,
669 803 749 885 quod
778 803 981 883 magistratus
1009 805 1131 885 propter
1161 803 1369 867 contentiones

152 908 251 988 magis
281 926 338 972 sua
366 908 533 990 eupiditate
565 912 713 989 regantur
743 927 838 991 quam
865 908 986 990 legibus
1018 908 1166 984 serviant,
1202 909 1234 972 id
1265 910 1370 972 eontra

151 1013 244 1077 fnisse
274 1013 355 1096 apud
384 1014 515 1079 maiores
539 1033 610 1078 suos
640 1017 791 1079 oratorem
818 1014 946 1097 probare
969 1014 1124 1078 studuisse
1151 1033 1205 1095 per
1227 1031 1275 1078 me
1298 1013 1371 1078 lieet

151 1117 301 1183 eradatur.
361 1118 448 1199 Quod
477 1138 545 1183 vero
568 1120 794 1184 Teiehmuelter
823 1123 981 1202 praeterea
1012 1119 1194 1194 arbitratur,
1226 1119 1369 1182 historias

150 1223 306 1288 fabulosas
333 1224 370 1288 de
385 1226 616 1305 Agamemnone
632 1227 664 1290 et
678 1226 793 1290 Theseo
822 1226 966 1307 (Ponath.
981 1225 1017 1308 ἐξ
1032 1226 1073 1288 74
1085 1244 1151 1306 sqq.
1168 1227 1199 1288 et
1216 1225 1278 1287 126
1292 1224 1370 1307 sqq.)

152 1328 320 1392 Isocratem
347 1330 476 1394 orationi
506 1331 672 1396 insemisse
703 1331 841 1396 Platonis
864 1330 1007 1394 imitandi
1037 1348 1147 1405 eausa,
1178 1330 1369 1410 argumentis

152 1453 213 1497 non
242 1436 464 1516 eomprobavit,
494 1455 592 1518 neque
623 1438 680 1500 hoo
710 1437 755 1500 ita
786 1455 852 1500 esse
880 1437 911 1500 in
942 1437 1077 1500 oratione
1108 1435 1174 1517 ipsa
1205 1434 1369 1498 indioatnr.

151 1538 198 1603 De
221 1538 363 1621 discipuli
386 1543 492 1604 autem
514 1542 761 1616 eontradiotione,
784 1560 880 1622 quam
903 1540 1011 1605 eadem
1034 1540 1071 1604 de
1094 1558 1189 1604 eausa
1209 1540 1242 1602 in
1258 1539 1369 1620 dialogi

149 1644 283 1708 formam
305 1644 463 1709 redaotam
486 1665 553 1710 esse
576 1647 626 1711 ille
649 1647 815 1722 contendit,
839 1646 912 1710 olibi
935 1646 1063 1710 dicetur.

240 1750 310 1813 Iam
340 1751 567 1816 eonsideremus
595 1752 627 1815 id
660 1753 740 1834 quod
770 1753 816 1815 vir
845 1751 952 1816 doetus
988 1770 1025 1816 ex
1052 1752 1101 1814 his
1131 1770 1206 1833 quos
1235 1751 1315 1814 inter
1337 1769 1369 1814 se

150 1855 338 1938 comparavit
365 1856 440 1920 loeis
471 1857 549 1921 effici
579 1859 677 1939 putat.
730 1856 847 1922 Statuit
876 1857 970 1937 igitur
1000 1856 1221 1920 Panathenaiei
1244 1858 1368 1938 'partem

149 1962 369 2042 gravissimam
392 1962 541 2044 seriptam
564 1981 631 2027 esse
654 1965 760 2028 eontra
789 1965 871 2043 leges
894 1964 964 2044 post
985 1962 1146 2026 Platonem
1169 1963 1328 2024 mortuum
1351 1979 1369 2024 e

151 2067 291 2149 Philippo
323 2065 457 2149 Opuntio
487 2069 638 2148 vulgatas.
689 2070 791 2151 Atque
820 2086 944 2150 operam
973 2067 1058 2131 dedit
1084 2069 1121 2131 ut
1155 2085 1191 2130 ea
1221 2086 1259 2131 ex
1281 2085 1369 2148 opere

151 2172 202 2235 illo
236 2171 358 2236 afferret
392 2173 503 2255 quibus
540 2174 680 2238 animum
711 2173 854 2238 Isocratis
889 2174 1103 2238 exacerbatum
1137 2172 1232 2236 fuisse
1266 2174 1369 2255 posset

150 2277 244 2340 aredi.
288 2277 384 2342 Putat
408 2281 513 2342 autem
536 2280 592 2343 hoo
614 2279 733 2344 fastum
756 2297 822 2344 esse
837 2277 1073 2342 Atheniensium
1092 2277 1366 2360 vituperationibus

151 2380 282 2463 (allegat
303 2383 394 2464 Legg.
419 2384 515 2448 660b
545 2371 626 2448 καθ’
649 2371 725 2448 ὅσον
747 2373 959 2463 αἰσθάνομαι,
983 2374 1068 2468 πλὴν
1090 2369 1168 2468 παρ’
1191 2371 1266 2468 ἡμῖν
1281 2382 1368 2465 [Cre-

152 2488 304 2570 tensibus]
337 2475 358 2574 t}
391 2479 483 2575 παρὰ
517 2483 805 2570 Λακεδαιμονίοις,
841 2471 863 2551 6
896 2476 936 2550 σὺ
975 2483 1027 2550 νῦν
1064 2484 1168 2573 λέγεις
1207 2474 1264 2551 oria
1292 2477 1368 2552 οἶδα

151 2582 371 2716 πρριττόμενα,
403 2585 498 2658 καινὰ
529 2591 566 2658 δὲ
594 2579 676 2658 itera
705 2581 756 2657 αεὶ
787 2583 955 2677 γιγνόμενα
977 2587 1054 2677 περί
1082 2614 1117 2656 τε
1144 2583 1203 2668 τὰς
1226 2579 1369 2680 ὀρχήσεις

148 2720 205 2760 και
239 2697 316 2780 περὶ
348 2689 405 2786 τὴν
437 2686 534 2785 αλλην
567 2688 723 2784 μουσικὴν
753 2689 925 2780 ξύμπασαν
954 2696 1022 2761 κτλ.
1064 2718 1082 2763 ο
1112 2695 1270 2781 λοιδορεῖν
1308 2719 1367 2783 γαρ

150 2792 327 2888 πράγματα
349 2827 466 2867 ανιατα
487 2803 543 2867 καί
567 2794 678 2890 πόρρω
701 2793 927 2890 προβεβηκότα
948 2791 1107 2889 αμαρτίας
1127 2789 1279 2920 οὐδαμῶς
1297 2791 1365 2888 ηδῦ,

149 2895 323 2991 ἀναγκαῖον
345 2895 415 2972 δ’
399 2896 493 2973 ενίοτ
518 2905 607 2973 ἐστίν
629 2928 723 2992 eoque
745 2909 839 2973 refert
862 2908 991 2972 Panat.h
948 2908 1095 2990 t§37
1124 2894 1230 2984 αλλως
1252 2929 1287 2971 τε
1310 2929 1367 2970 και

151 3008 282 3076 πολλῶν
302 3035 343 3094 με
366 3005 607 3100 παροξυνόντων
630 3004 764 3102 γράφειν
786 3001 897 3090 αντὸν,
929 3009 1094 3099 πρῶτον
1121 3010 1192 3095 μὲν
1212 3008 1288 3076 τῶν
1309 3034 1365 3076 ει-

151 3115 364 3199 θισμένιον
397 3106 577 3205 ασελγῶς
604 3120 846 3206 κατηγορεῖν
873 3113 942 3203 τῆς
971 3107 1132 3194 πόλεως
1159 3107 1306 3205 ἡμῶν)1
1336 3121 1367 3184 et

150 3223 285 3287 maxime
315 3243 349 3287 eo
380 3225 459 3307 quod
482 3225 571 3289 Plato
599 3227 744 3306 negasset
772 3224 836 3288 suis
866 3223 1055 3305 temporibus
1083 3224 1185 3287 ullum
1214 3223 1366 3287 exstitisse

151 3329 280 3392 Athenis
303 3332 512 3411 praestantem
534 3333 685 3394 oratorem
713 3330 906 3411 eundemque
935 3328 1084 3392 bonorum
1106 3328 1302 3392 consiliorum
1325 3329 1368 3392 oi-

149 3433 239 3497 vibus
271 3436 427 3499 auctorem
458 3434 562 3516 (Legg.
594 3431 736 3499 ille'
720 3456 763 3521 ιφ
797 3423 886 3520 ἡμῶν
915 3430 952 3496 δὲ
984 3420 1172 3516 strepitos
1223 3432 1283 3498 Sed
1305 3433 1367 3515 pri-

152 3557 241 3602 mum
264 3540 379 3604 maiore
402 3540 506 3622 aliquo
528 3559 623 3604 eausa
644 3540 829 3623 requirimus
852 3542 1041 3604 eommotum
1064 3557 1130 3603 esse
1153 3540 1304 3602 oratorem
1326 3539 1367 3602 ad

151 3644 322 3708 orationem
345 3645 538 3710 scribendam
561 3647 627 3708 tam
650 3645 773 3726 plenam
789 3645 922 3708 oontent
914 3645 1003 3708 renis.
1040 3643 1147 3725 Neque
1161 3643 1252 3707 faoile
1267 3645 1367 3724 potest

151 3749 234 3814 eradi
257 3750 378 3814 aeribus
408 3750 470 3814 illis
499 3750 719 3814 laoonistarum
741 3750 993 3814 insectationibus
1016 3749 1079 3832 peti
1105 3748 1206 3811 virum
1228 3748 1293 3811 iam
1315 3767 1368 3812 sex

151 3873 247 3918 annos
270 3858 429 3919 mortuum
452 3855 552 3936 (Plato
582 3858 724 3918 mortuus
747 3857 795 3918 est
825 3853 946 3940 348l7).
1001 3853 1132 3928 Deinde,
1165 3853 1191 3916 si
1219 3870 1288 3916 vere
1315 3852 1366 3916 iile

149 3959 325 4035 statuisset,
357 3960 440 4040 leges
467 3959 603 4041 prodisse
632 3961 783 4041 oporteret
811 3960 902 4024 breve
932 3961 1003 4023 ante
1032 3959 1064 4022 id
1093 3960 1214 4040 tempus
1242 3956 1367 4022 demum

780 4187 791 4219 2
809 4183 876 4238 Ibid.
894 4200 920 4251 p.
938 4184 997 4238 275.
