3102 4696
680 172 889 271 ,ἑὲ-

177 384 251 448 11111
275 405 311 448 ex
335 405 367 448 se
390 384 525 464 intellegi
547 403 635 466 posse
664 383 767 448 dedita
788 401 879 466 opera
901 401 998 464 nuper
1019 383 1153 446 ostendit
1174 385 1211 446 A.
1234 383 1392 460 Wulffius‚

176 491 209 554 in
233 490 323 555 cuius
348 491 500 556 sententia
522 489 781 572 acquiescendum
804 507 871 554 esse
894 489 1036 570 equidem
1059 493 1197 554 11111111.

264 596 329 661 Nec
351 597 455 661 minus
477 615 674 680 praepropere
689 595 912 661 Teichmueller
930 595 1114 678 discipulum
1129 596 1390 662 contradicentem

176 702 352 785 Philippum
368 722 435 767 esse
447 701 618 786 Opuntium
633 703 776 784 opinatus
792 704 848 778 est,
863 702 1010 766 librorum
1026 701 1064 766 de
1079 701 1198 782 legibus
1210 703 1359 768 editorem
1368 704 1390 767 ¹.

177 807 238 872 Sed
260 809 342 873 huno
366 829 405 874 ne
434 809 579 872 habuisse
606 808 731 890 quidem
758 807 962 889 comperimus
990 807 1161 872 Isocratem
1189 809 1390 890 magistrum

174 914 201 978 is
225 916 330 978 autem
352 914 390 980 de
410 934 470 997 quo
491 915 648 996 quaeritur
663 933 744 978 unus
761 933 797 978 ex
812 913 1028 978 illustrissimis
1048 913 1113 978 eius
1130 914 1288 996 discipnhs
1304 933 1391 980 voca-

176 1022 228 1084 tur
244 1020 278 1102 (§
294 1021 383 1104 229),
406 1021 606 1102 quamobrem
622 1020 801 1084 notissimus
825 1019 866 1083 sit
882 1021 999 1102 oportet
1015 1020 1143 1084 oratoris
1164 1020 1244 1084 illius
1261 1020 1389 1085 auditor.

176 1127 277 1208 Atque
306 1126 500 1208 vituperandi
528 1129 602 1191 sunt
631 1127 685 1208 qui
713 1126 788 1190 talia
818 1125 975 1208 proterunt
1004 1127 1195 1207 argumentis
1224 1145 1285 1190 non
1308 1146 1390 1191 com-

175 1233 312 1314 probata,
342 1233 453 1314 quibus
483 1233 558 1297 nihil
591 1232 722 1296 efficitur
748 1232 807 1296 nisi
829 1234 865 1295 ut
887 1232 940 1295 alii
962 1250 981 1294 a
1007 1233 1091 1296 reeta
1114 1232 1163 1295 ria
1185 1232 1388 1297 abducantur.

262 1337 333 1402 Iam
359 1338 463 1402 missis
491 1339 527 1402 iis
557 1357 636 1420 quae
663 1338 784 1402 illirici
812 1338 1067 1419 excogitaverunt,
1096 1356 1189 1419 quem
1211 1338 1312 1402 virum
1334 1359 1389 1404 nos

174 1444 207 1507 in
238 1444 440 1526 descriptione
468 1444 583 1525 ingenii
613 1463 650 1509 ec
679 1462 802 1508 morum
831 1443 972 1525 discipuli
1005 1443 1087 1508 illins
1123 1461 1327 1524 agnoscamus
1356 1446 1388 1508 in

173 1550 312 1614 medium
333 1549 512 1633 proferatur.
559 1549 645 1628 Quae
666 1549 761 1630 igitur
789 1549 827 1614 de
857 1568 892 1614 eo
916 1549 1058 1614 audimus
1081 1549 1194 1631 optime
1217 1550 1332 1614 cadunt
1354 1551 1388 1614 in

172 1656 401 1738 Theopompum
425 1653 551 1731 Chium,
581 1655 802 1720 Damasistrati
823 1655 937 1732 filium,
966 1655 1148 1720 historicum
1170 1656 1385 1721 clarissimum.

172 1761 248 1826 Eius
270 1761 427 1842 ingenium
450 1761 569 1825 ostendi
590 1761 649 1824 hoc
671 1761 736 1824 loco
759 1761 821 1824 iam
838 1760 1046 1842 Hieronymus
1063 1760 1193 1825 Wolfius
1214 1763 1387 1844 suspicatus

172 1869 228 1944 est,
257 1867 310 1949 qui
332 1867 365 1930 in
387 1867 531 1932 Isocratis
553 1866 727 1931 orationum
748 1867 959 1931 translationis
982 1869 1080 1931 suae3
1103 1867 1280 1949 appendicis
1308 1886 1387 1950 quae

172 1973 389 2054 castigationes
415 1973 595 2037 inscribitur
628 1991 697 2054 pag.
724 1973 764 2036 18
788 1973 827 2036 ad
856 1973 988 2036 Panath.
1011 1972 1110 2054 §183
1139 1972 1266 2037 adnotat
1294 1972 1388 2039 haee:

171 2067 267 2162 επρὸς
288 2067 380 2164 ἡμᾶς,
405 2078 512 2143 malim
535 2066 632 2159 ὗμᾶς;
653 2079 776 2143 videtur
798 2079 881 2142 enim
904 2078 956 2159 qui
979 2079 1036 2142 hoc
1058 2078 1193 2159 loquitur
1214 2098 1275 2143 non
1293 2079 1389 2146 fuisse

172 2185 247 2249 civis
269 2185 478 2261 Atheniensis,
509 2203 581 2248 cum
610 2185 692 2248 dicat
720 2202 793 2248 eum
815 2183 909 2248 fuisse
937 2203 1036 2248 unum
1065 2180 1129 2246 τῶν
1159 2180 1193 2247 ἐν
1223 2171 1389 2273 ὀλιγαρχίᾳ

177 2286 474 2371 aequimembrem
504 2308 596 2372 quern
630 2308 685 2370 ego
712 2290 941 2372 Theopompum
971 2287 1084 2353 Chium
1113 2291 1250 2372 suspicor
1279 2311 1316 2356 ex
1337 2292 1389 2356 de·

176 2395 337 2478 scriptione
359 2396 438 2461 acris
461 2396 584 2478 ingenii,
607 2414 798 2478 quamquam
820 2395 887 2460 fieri
908 2397 1009 2477 potest
1030 2397 1066 2459 ut
1080 2395 1130 2460 hio
1144 2398 1228 2460 totus
1248 2397 1387 2479 dialogus

174 2501 214 2565 ab
248 2500 381 2567 Isocrate
415 2503 457 2567 sit
490 2487 658 2567 confictus.²
711 2502 812 2582 Atque
843 2519 951 2565 verum
983 2501 1132 2565 iudicium
1166 2503 1248 2566 hunc
1280 2503 1388 2568 tuhsse

173 2607 343 2689 apparebit,
367 2608 394 2672 si
416 2627 452 2673 ea
475 2587 617 2690 quaeda
639 2608 831 2689 Theopompo
853 2606 1018 2671 memoriae
1042 2609 1116 2670 sunt
1137 2608 1251 2672 tradita
1273 2610 1388 2690 optime

172 2731 245 2776 eum
275 2713 314 2776 iis
345 2732 424 2795 quae
453 2713 486 2778 in
515 2713 743 2778 Panathenaico
773 2713 971 2777 inveniuntur
1001 2713 1159 2777 convenire
1189 2714 1388 2795 explanatum

173 2819 240 2882 erit.
285 2818 395 2901 Itaque
418 2839 497 2901 quae
526 2820 564 2884 de
592 2819 784 2902 Theopompo
814 2821 970 2900 comperta
998 2819 1149 2883 habemus
1178 2837 1317 2901 quaeque
1347 2820 1387 2884 ad

262 2993 460 3060 ¹Quaastiones
483 2994 510 3047 in
529 2993 708 3062 Xenophontis
732 2991 764 3046 de
788 3009 816 3046 re
838 2991 942 3060 publica
960 2993 1221 3048 Lacedaemoniorum
1239 2993 1328 3049 libello
1346 2995 1387 3050 in-

169 3081 286 3136 stitutae.
327 3081 437 3138 Dissert.
455 3082 594 3136 Monaster.
614 3098 638 3136 a.
658 3083 733 3138 1884.
753 3111 787 3120 -
806 3079 909 3135 Iudicat
927 3083 1015 3135 11111111
1034 3081 1079 3134 1111
1097 3098 1122 3149 p.
1136 3083 1171 3138 64
1188 3082 1215 3135 in
1234 3083 1385 3137 universum

171 3169 249 3223 haec:
276 3185 334 3223 curn
353 3172 411 3224 tota
428 3186 514 3223 rerum
538 3170 661 3224 tractatio
679 3172 758 3238 atque
775 3167 912 3223 verborum
930 3169 1040 3223 elocutio
1058 3169 1238 3238 Xenophontis
1258 3172 1387 3240 exprimat

170 3256 306 3327 ingenium
329 3273 476 3326 moremque
500 3257 643 3326 scribendi,
666 3257 786 3312 libellum
810 3260 896 3312 totum
913 3256 1093 3326 Xenophontis
1116 3274 1184 3327 1111;
1207 3262 1385 3314 verumtamen

170 3361 221 3398 non
240 3346 274 3399 ab
291 3345 363 3399 omni
379 3348 453 3414 parte
471 3345 577 3414 plenum
595 3348 674 3414 atque
692 3345 824 3414 integrum
842 3345 919 3399 iham
937 3345 1011 3399 nobie
1029 3345 1157 3400 traditum
1176 3362 1240 3415 1111,
1258 3347 1303 3401 sed
1321 3365 1386 3416 qua-

169 3433 221 3487 lern
240 3433 382 3488 habeamus
400 3450 431 3486 ex
449 3431 576 3487 dissoluto
595 3437 621 3488 et
638 3433 761 3488 lacunoso
778 3434 919 3503 exemplari
932 3433 1090 3501 descriptum
1109 3436 1187 3502 atque
1200 3436 1385 3502 compositum

170 3521 239 3590 quod
258 3537 318 3575 vero
337 3521 450 3576 attineat
467 3519 500 3574 ad
519 3524 599 3590 capnt
616 3521 690 3592 xlv,
709 3521 778 3590 quod
796 3522 935 3590 permultis
953 3525 994 3576 111
1011 3524 1174 3590 suspectum,
1197 3521 1385 3590 discrepantias

169 3625 236 3677 quae
263 3609 324 3663 huic
351 3609 431 3678 capiti
458 3625 517 3663 cum
544 3610 651 3677 reliquis
679 3610 809 3678 capitibus
839 3609 1000 3665 intercedant
1030 3609 1069 3663 ita
1096 3609 1219 3678 explicari
1247 3625 1323 3677 posse
1354 3613 1386 3665 ut

170 3697 321 3765 scriptorem
349 3691 404 3766 ipsa
434 3697 589 3751 sententiaro
617 3714 692 3752 suam
720 3697 863 3752 mutavisse
890 3715 921 3752 ac
947 3698 1085 3752 correxisse
1116 3699 1278 3766 statuamus3
1305 3713 1385 3766 qnare

168 3786 296 3853 scripturn
314 3801 369 3839 1111
387 3786 535 3854 auspicatur
552 3785 620 3839 illud
638 3787 717 3854 caput
734 3785 768 3840 ab
786 3787 843 3854 ipso
861 3786 1041 3855 Xenophonte,
1059 3801 1117 3839 cum
1136 3785 1292 3853 experientia
1310 3785 1385 3839 edoc-

168 3875 212 3927 tus
230 3874 344 3942 Lycurgi
361 3877 433 3943 leges
451 3874 538 3928 minus
555 3874 641 3928 valere
659 3875 829 3942 cognovisset.

258 3961 478 4029 'chffli

256 4049 408 4104 1111111111
431 4051 561 4104 orationes
572 4067 667 4116 ,omnes
692 4066 758 4119 quae
770 4049 875 4118 quidem
894 4049 928 4104 ad
946 4052 1063 4104 nostram
1082 4052 1194 4104 aetatem
1212 4052 1385 4118 pervenerunt

167 4136 297 4190 eGraeco
320 4137 347 4191 in
364 4137 488 4191 Latinum
513 4154 650 4193 conversae
673 4155 718 4206 per
744 4137 930 4208 Hieronymum
949 4137 1075 4192 Wolfium
1103 4137 1294 4206 Oetingensem.
1331 4137 1384 4192 Ba·

168 4224 246 4278 sileae
266 4226 343 4282 1548.
