3102 4696
761 180 801 241 57

174 389 361 452 stituebatur
396 392 517 470 propter
552 389 648 470 patris
677 387 987 453 Lacedaemoniorum
1023 387 1161 451 studium
1194 388 1225 450 in
1262 387 1386 451 exilium

174 513 241 558 esse
264 495 407 559 missurn.
460 493 539 559 Cum
568 495 664 575 igitur
689 496 787 578 patris
810 483 1013 574 λακωνισμόν
1035 495 1197 575 tamquam
1219 493 1387 558 hereditate
1434 507 1437 511 ’

173 600 353 682 accepisset,
400 600 709 666 Lacedaemoniorum
752 619 818 665 rem
860 601 1018 683 publicam
1054 599 1197 664 laudibus
1235 599 1387 664 efferebat.

174 704 287 770 Contra
310 705 448 770 civitates
477 707 510 770 in
539 707 650 788 quibus
673 707 776 771 omnia
804 725 858 788 per
880 706 1026 788 populum
1049 706 1235 787 gerebantur
1256 705 1389 770 detesta-

173 812 274 876 batur.
326 811 433 877 Talem
463 831 536 876 eum
564 812 660 877 fuisse
690 812 880 893 intellegitur
909 831 981 877 oum
1003 831 1039 875 err
1061 812 1098 876 iis
1122 830 1201 893 quae
1223 811 1388 875 Alexandri

131 925 135 934 “
173 917 274 998 gratia
295 917 329 981 iu
350 918 485 1000 patriam
508 921 668 983 revocatus
692 919 879 1000 sequebatur
900 918 932 982 in
954 937 987 982 re
1010 918 1130 1000 publica
1153 917 1296 998 gerenda,
1319 919 1388 980 turn

173 1042 209 1087 ex
239 1023 359 1106 scriptis
389 1025 466 1099 eius,
495 1043 574 1106 quae
604 1028 636 1089 et
659 1024 968 1089 Lacedaemoniorum
998 1024 1135 1088 studium
1166 1027 1198 1088 et
1226 1024 1388 1087 hominum

172 1129 367 1211 popularium
396 1130 501 1193 odium
536 1130 601 1194 eius
636 1133 739 1212 aperte
773 1130 984 1195 ostendebant.
1045 1129 1237 1208 Quibuscum
1275 1129 1388 1211 optime

173 1237 348 1316 congruunt
375 1254 411 1300 ea
441 1254 520 1317 quae
543 1235 714 1318 discipulus
737 1236 914 1318 pronuntiat
937 1237 970 1299 iu
992 1235 1231 1311 Panathenaico,
1262 1253 1334 1299 cum
1357 1235 1388 1298 id

172 1341 368 1422 potissimum
398 1341 485 1405 laudi
513 1342 630 1405 tribuat
659 1342 775 1406 civitati
803 1342 1112 1407 Lacedaemoniorum
1141 1342 1222 1423 quod
1251 1360 1313 1405 nou
1341 1341 1390 1404 in·

168 1447 302 1511 ciderint
330 1447 362 1510 in
392 1447 491 1512 varias
520 1465 572 1512 eas
601 1448 795 1512 calamitates
821 1448 853 1512 in
884 1467 961 1530 quas
991 1450 1110 1512 ceterae
1142 1446 1289 1512 Graeciae
1318 1447 1389 1511 civi-

172 1555 268 1627 tates;
303 1555 464 1618 enumerat
492 1555 598 1617 autem
631 1554 711 1618 inter
738 1555 818 1619 tales
848 1555 1040 1618 calamitates
1070 1554 1264 1629 seditionem,
1299 1554 1389 1617 exilia

172 1659 296 1734 iniusta,
327 1658 510 1741 direptiones
539 1659 754 1741 pecuniamm,
788 1660 832 1724 rei
863 1661 1004 1743 publicae
1037 1660 1242 1724 mutationem
1270 1659 1300 1742 (ᾖ
1324 1660 1387 1723 259

173 1759 207 1826 έν
228 1760 268 1850 τῇ
293 1760 507 1848 Σπαρτιατῶν
530 1751 636 1842 ου’·δεὶς
657 1750 696 1828 bb
723 1759 914 1844 ἐπιδείξεων
937 1752 1007 1830 citra
1030 1755 1144 1829 στάσιν
1168 1752 1238 1829 υόυε
1261 1755 1390 1852 σφαγὰς

173 1855 244 1933 otha
267 1860 371 1956 φυγὰς
392 1856 530 1951 άνόμους
552 1868 757 1956 γεγενημένας
780 1858 847 1936 oriri
870 1861 1022 1958 ἁρπαγὰς
1042 1860 1211 1958 χρημάτων
1233 1857 1299 1936 οὔδ’
1316 1865 1389 1933 ocio-

170 1966 265 2055 χόνας
294 1972 451 2060 γυναικοῖν
479 1975 535 2040 καὶ
558 1971 697 2057 παίδων,
727 1964 797 2041 ἄλλ’
826 1965 899 2042 οὐδὲ
922 1974 1093 2055 πολιτείας
1114 1967 1293 2059 μεταβολίν
1317 1963 1390 2040 aiod

171 2077 269 2167 χρεῶν
297 2069 479 2160 άποκοπὰς
512 2069 586 2147 οόδὲ
609 2079 666 2170 γῆς
687 2071 873 2165 άναδασμὸν
896 2071 962 2148 οὐδ’
986 2068 1055 2148 dlt'
1080 2071 1170 2148 ου’·δέν
1191 2078 1255 2146 τῶν
1277 2070 1389 2169 άνηκέ-

173 2205 257 2250 στων
282 2183 413 2273 κακῶν).
467 2190 594 2271 Propter
620 2190 695 2254 talia
725 2188 919 2254 incommoda
942 2209 958 2254 e
980 2190 1107 2272 imperio
1137 2190 1277 2272 populari
1305 2191 1389 2265 nata,

125 2321 127 2326 ¹
175 2293 285 2374 quibus
316 2295 382 2376 ipse
409 2313 481 2358 curn
513 2299 600 2376 patre
631 2297 697 2360 erat
728 2295 870 2371 afflictus,
899 2296 1111 2378 Theopompus
1140 2296 1274 2360 maxime
1304 2313 1389 2360 aver-

174 2399 303 2463 sabatur
332 2400 472 2465 oivitates
502 2402 537 2465 in
568 2401 679 2483 quibus
709 2420 802 2484 penes
831 2402 980 2484 populum
1008 2421 1131 2466 summa
1154 2404 1220 2466 erat
1242 2403 1387 2484 potestas.

174 2503 262 2584 Quod
284 2524 301 2570 e
323 2505 504 2588 fragmentis
534 2507 717 2590 scriptorum
745 2508 810 2572 cius
839 2508 1036 2588 intellegitur.
1089 2507 1213 2572 Etenim
1241 2507 1292 2572 ille
1315 2526 1388 2571 cum

172 2611 210 2676 do
247 2612 385 2694 populari
418 2615 571 2695 potestate
604 2613 740 2695 loquitur
772 2613 872 2678 facere
905 2631 966 2677 non
1003 2615 1103 2695 potest
1141 2614 1214 2695 quin
1253 2614 1387 2679 illustret

172 2719 290 2798 quanta
312 2718 396 2782 mala
418 2719 490 2782 inde
512 2719 545 2782 in
567 2719 804 2802 rempublicam
821 2720 941 2784 soleant
958 2719 1140 2784 redundare.
1183 2718 1233 2783 Ita
1248 2719 1328 2800 frgto
1345 2720 1386 2783 65

172 2841 295 2887 morum
318 2822 547 2906 depravationes
577 2843 649 2890 cum
677 2826 735 2889 hoc
757 2843 861 2889 rerum
884 2827 970 2890 statu
993 2826 1170 2890 coniunctas
1194 2844 1261 2890 esse
1284 2825 1388 2889 studet

173 2929 382 2994 demonstrare
416 2931 551 3013 exemplo
584 2931 804 3012 Byzantiomm
838 2933 869 2996 et
903 2930 1186 2996 Chalcedoniorum.
1245 2930 1291 2995 De
1325 2931 1388 2994 illis

172 3033 247 3098 dicit
279 3033 370 3100 haec:
405 3018 486 3120 ἦσαν
519 3031 556 3099 δὲ
590 3029 621 3099 οῖ
650 3026 823 3114 Βυζάντιοι
856 3034 913 3100 καὶ
946 3027 1003 3100 διὰ
1035 3025 1074 3099 τὸ
1107 3035 1387 3122 δημοκρατεῖσθαι

173 3129 275 3203 πολὺν
296 3127 356 3226 ἤδη
377 3130 488 3226 χρόνον
515 3139 572 3204 καὶ
594 3132 650 3228 τὴν
677 3132 776 3206 πόλιν
798 3128 853 3205 ἐπ’
878 3136 1037 3226 ἐμπορίου
1059 3139 1205 3228 κειμένην
1228 3136 1309 3221 ilceto
1331 3139 1386 3205 καί

172 3235 228 3308 τὸν
255 3240 356 3331 δῆμον
385 3233 516 3310 ἅπαντα
545 3243 622 3332 περὶ
650 3237 707 3335 τὴν
734 3235 853 3334 άγοράν
885 3245 943 3311 καὶ
975 3238 1032 3334 τὴν
1064 3245 1179 3330 λιμένα
1212 3241 1388 3333 διατρίβειν

172 3339 349 3415 άκολάστοι
372 3348 430 3415 καὶ
458 3344 674 3431 συνουσιάζειν
695 3351 752 3418 καὶ
775 3348 881 3418 πίνειν
903 3347 1088 3435 εἰθισμένοι
1111 3349 1257 3418 ἐπὶτῶν
1279 3375 1387 3440 καπη-

172 3449 274 3520 λείων.
338 3457 419 3521 Tum
459 3458 555 3522 tradit
592 3456 825 3535 Chalcedonios,
863 3460 1046 3542 priusquam
1083 3460 1306 3542 Byzantiorum
1342 3460 1387 3524 rei

171 3563 312 3646 pubhoae
342 3563 474 3628 fuissent
502 3564 681 3646 participes,
712 3566 889 3630 melioribus
920 3566 1070 3630 institutis
1100 3568 1132 3630 et
1162 3565 1386 3630 honestioribus

172 3687 244 3733 usos
267 3687 343 3745 esse,
373 3688 445 3733 cum
467 3688 539 3734 vero
565 3671 743 3752 popularem
765 3671 888 3735 illorum
910 3674 1029 3736 statum
1051 3673 1238 3752 gustassent,
1262 3689 1386 3752 prorsus

171 3793 222 3838 eos
253 3792 320 3839 esse
351 3777 524 3857 corruptos:
566 3765 782 3861 Καλχηδόνιοι
813 3772 850 3840 δὲ
878 3775 957 3862 πρὶν
989 3772 1049 3859 μὲν
1080 3777 1250 3857 μετασχεῖν
1279 3762 1388 3852 αὐτοῖς

170 3873 227 3964 τῆς
250 3875 420 3957 πολιτείας
448 3869 591 3957 άπαντες
619 3877 652 3944 ἓν
681 3871 915 3968 έπιτηδεόμασι
943 3880 1001 3945 καὶ
1023 3877 1086 3967 βίιμ
1115 3876 1256 3964 βελτίονι
1284 3879 1386 3946 διετέ-

168 3982 243 4048 λουν
270 3970 373 4061 targ-
406 3982 481 4050 ἐπεὶ
512 3982 549 4050 δὲ
576 3981 633 4072 τῆς
659 3982 876 4073 δημοκρατίας
904 3984 968 4051 τῶν
995 3983 1179 4066 Βυζαντίων
1207 3977 1385 4072 ε’γεόσαντο,

170 4079 397 4176 διεφθάρησαν
425 4085 473 4168 είς
500 4081 621 4178 τρυφὴν
643 4088 699 4155 καὶ
728 4083 783 4155 τὸν
805 4079 885 4156 καθ’
913 4082 1033 4179 ἡμέραν
1062 4088 1136 4175 βίον
1164 4089 1201 4155 ἐκ
1224 4112 1386 4179 σωφρονε-

170 4185 295 4258 στάτων
328 4194 384 4259 καὶ
422 4187 648 4282 μετριωτάτων
686 4187 868 4284 φιλοπόται
901 4196 958 4262 καί
995 4196 1182 4274 πολυτελεῖς
1215 4189 1384 4283 γενόμενοι.
