3102 4696
696 165 906 260 „3⁶-

194 372 337 452 dialogos
361 391 433 434 oum
456 373 593 436 omnium
616 373 858 452 ingeniosissime
891 375 993 437 essent
1016 372 1193 454 conscripti,
1221 371 1340 435 animos
1364 371 1414 434 iu-

194 495 306 540 venum
337 477 469 542 maxime
503 478 680 542 delectasse.
737 479 866 543 Ratione
903 497 964 560 qua
998 477 1114 541 ibidem
1148 477 1319 558 philosophi
1359 476 1414 557 qni

194 583 308 646 nullius
338 583 401 646 sint
430 602 506 646 usus
535 583 749 646 describantur
780 572 857 668 (ὁρῶ
880 573 941 668 γάρ
964 577 1066 658 ἐνίους
1086 578 1150 644 τῶν
1174 578 1233 644 ἐπὶ
1255 582 1326 656 τοῖς
1347 603 1412 661 μα-

194 677 322 773 θήμασι
345 677 472 764 τοάτοις
505 675 605 764 οὕτως
634 675 911 774 άπηκριβωμένων
942 675 1024 751 ῶστε
1047 684 1103 750 καί
1125 677 1199 763 τοὺς
1221 672 1338 762 άλλους
1360 684 1412 749 δι-

194 781 334 870 δάσκειν,
352 778 417 855 θέτ’
433 779 587 878 εάιαίρως
603 795 676 869 ταῖς
696 784 894 879 ἐπιστήμαις
909 782 963 870 αἷς
979 787 1085 872 έχουσι
1106 788 1285 877 χρωμένους
1308 785 1349 854 έν
1369 813 1415 854 τε

194 899 286 972 ταῖς
308 883 455 975 άλλαις
484 894 792 983 πραγματείαις
818 901 912 975 ταῖς
938 896 1033 983 περὶ
1068 888 1136 961 τὸν
1161 891 1254 979 βίον
1282 887 1414 983 ἄφρο-

194 999 413 1088 νεστέρους
441 989 562 1079 durae
591 1000 670 1067 τῶν
696 999 915 1090 μαθητῶν·
946 991 1050 1066 ὀκνῶ
1078 992 1148 1088 γάρ
1170 996 1312 1066 εἰπεῖν
1333 996 1416 1064 τῶν

196 1101 377 1192 οἰκετῶν)
407 1109 565 1172 admoneri
593 1129 649 1173 nos
679 1128 785 1173 eorum
817 1128 895 1191 quae
926 1110 1013 1172 Plato
1041 1109 1106 1191 ipse
1135 1108 1168 1172 in
1190 1108 1354 1172 Theaeteto
1381 1109 1416 1171 et

197 1213 231 1276 in
254 1214 372 1295 dialogo
397 1214 433 1278 dc
456 1215 633 1296 republica
655 1215 818 1296 proferat1.
860 1214 947 1293 Quod
969 1215 1059 1296 paulo
1081 1213 1160 1277 infra
1179 1213 1263 1277 omni
1286 1213 1416 1277 scientia

196 1319 357 1401 repudiata
380 1321 479 1402 opinio
502 1324 586 1384 recta
609 1323 640 1384 et
662 1321 807 1384 utilitatis
838 1320 977 1384 studium
999 1339 1089 1385 verae
1113 1318 1290 1384 eruditionis
1314 1319 1416 1383 decla-

194 1428 303 1489 rantur
324 1425 544 1502 fundamenta,
574 1445 681 1490 rursus
705 1426 842 1489 Platonis
865 1425 962 1488 irrisio
985 1425 1086 1489 elucet
1110 1424 1144 1507 (ᾗ
1174 1425 1215 1487 30
1239 1417 1329 1499 τίνας
1360 1407 1416 1486 οὖν

194 1526 284 1593 καλῶ
312 1527 590 1611 πεπαιδευμένους
597 1580 604 1609 ,
638 1520 753 1616 ἐπειδὴ
775 1520 835 1607 τάς
856 1526 968 1608 τέχνας
989 1526 1046 1592 καὶ
1068 1519 1127 1605 τάς
1150 1517 1334 1614 ἐπιστήμας
1355 1526 1415 1591 καὶ

194 1625 253 1711 τὰς
281 1625 430 1716 δυνάμεις
458 1622 712 1716 άποδονιιμάζως
749 1631 880 1716 πρῶτον
907 1624 1063 1715 μὲντοὺς
1096 1628 1202 1709 καλῶς
1234 1629 1416 1718 χρωμένους

194 1741 265 1816 τοῖς
287 1729 458 1825 πράγμασι
486 1743 556 1815 τοῖς
585 1730 669 1802 κατὰ
697 1730 754 1825 τὴν
775 1729 895 1826 ἡμέραν
918 1729 1055 1825 ἑκάστην
1081 1733 1333 1824 προσπίπτουσι
1355 1735 1415 1801 καί

194 1834 250 1930 τὴν
273 1835 398 1923 δόξαν
421 1841 556 1931 ἐπιτυχῆ
578 1841 642 1908 τῶν
664 1840 785 1928 καιρῶν
808 1840 939 1924 ἔχοντας
959 1842 1016 1907 καὶ
1039 1840 1211 1930 δυναμένην
1234 1833 1278 1920 ῶς
1301 1841 1360 1907 ε’πί
1374 1833 1415 1910 τὸ

196 1939 281 2013 πολὺ
303 1940 590 2030 στοχάζεσθαι
612 1946 680 2014 τοῦ
703 1947 1008 2037 συμφέροντος).
1061 1949 1130 2013 Iam
1153 1969 1188 2014 ex
1211 1968 1248 2014 ea
1270 1950 1414 2014 orationis

195 2058 281 2138 parte
310 2075 369 2138 qua
399 2055 435 2120 de
464 2056 579 2137 optima
601 2055 836 2120 Atheniensium
864 2056 909 2119 rei
931 2055 1071 2137 publicae
1094 2055 1358 2120 administratione
1380 2059 1414 2120 et

196 2161 348 2226 derebus
372 2180 450 2243 quae
472 2162 544 2224 hino
567 2164 650 2224 ortae
674 2161 735 2224 siut
758 2162 872 2243 optime
894 2161 989 2241 gestis
1012 2161 1173 2243 exponitur
1196 2161 1255 2225 alia
1278 2161 1412 2243 amplius

196 2285 398 2347 suggeramus
421 2267 575 2330 evidenter
597 2269 703 2330 contra
726 2266 888 2330 Platonem
911 2266 1034 2348 scripta.
1079 2266 1230 2330 Attendas
1252 2267 1347 2346 igitur
1371 2267 1412 2329 ad

196 2390 233 2434 ea
245 2391 322 2452 qnae
334 2371 644 2435 Lacedaemoniorum
657 2373 895 2436 assectatoribus
908 2372 1001 2436 obicit
1015 2370 1165 2435 Isocrates
1177 2371 1213 2454 ἐξ
1228 2372 1328 2434 182—-
1338 2371 1412 2435 185.

195 2476 280 2540 Dicit
302 2478 406 2541 autem
433 2476 496 2540 hic:
529 2465 643 2539 τοίνιου
670 2463 699 2539 δ’
731 2473 823 2538 ένενια
852 2475 928 2560 περὶ
959 2472 1015 2562 τῆς
1043 2465 1238 2562 οἰκειότητος
1265 2473 1322 2538 καὶ
1348 2471 1414 2538 τῶν

195 2569 421 2667 ἡμαρτημένων
450 2575 497 2657 εἰς
526 2567 639 2656 ababa
672 2571 727 2644 διὰ
758 2571 917 2643 πλειόνων
945 2577 1090 2666 διῆλθον,
1120 2567 1161 2643 ἵν’
1194 2574 1316 2665 ἔρωμαι
1337 2569 1413 2656 τοδς

195 2673 453 2767 ἀποδεχομένους
481 2675 615 2761 ἁπάσας
644 2676 703 2760 τάς
733 2682 947 2771 Σπαρτιατῶν
980 2675 1115 2771 πράξεις
1149 2679 1178 2748 εί
1211 2683 1268 2748 καὶ
1295 2675 1414 2760 ταάτας

195 2781 414 2870 ἀποδέχονται
442 2789 498 2853 καὶ
528 2781 587 2867 τάς
613 2781 719 2871 μάχας
750 2777 890 2873 εὗσεβεῖς
918 2781 1000 2854 εἶναι
1033 2785 1198 2871 νομίζουσι
1227 2788 1284 2854 καί
1312 2780 1415 2866 καλάς

195 2886 255 2972 τὰς
284 2886 368 2981 πρὸς
400 2885 531 2972 τούτους
561 2893 774 2982 γεγενημένας.
826 2896 907 2960 'lum
928 2898 1033 2960 monet
1054 2897 1130 2962 haec
1156 2895 1292 2960 facinora
1315 2915 1414 2978 neque

197 3004 305 3066 sancta
328 3021 395 3066 esse
418 3019 516 3083 neque
538 3003 666 3066 honesta
687 3021 786 3083 neque
809 3002 918 3066 decora
939 3002 977 3065 iis
1007 3002 1059 3084 qui
1081 3002 1303 3084 praestantiam
1326 3002 1414 3065 illam

197 3107 255 3170 sibi
277 3107 441 3182 vindicent,
465 3126 524 3170 non
548 3126 626 3188 quae
648 3108 680 3172 in
704 3107 822 3171 artibus
846 3109 877 3170 ct
898 3107 1005 3170 multis
1029 3107 1096 3170 aliis
1112 3109 1203 3171 rebus
1221 3108 1266 3171 sio
1281 3107 1413 3182 dicatur,

198 3212 252 3277 sed
273 3231 363 3276 verae
386 3213 508 3276 virtutis
531 3231 611 3295 quae
633 3213 706 3276 viris
729 3212 816 3275 bonis
832 3214 863 3276 et
882 3213 1019 3276 honestis
1042 3232 1114 3276 oum
1135 3213 1249 3295 pietate
1273 3216 1304 3277 et
1325 3212 1414 3276 iusti-

285 3405 375 3472 1Ιμεα
398 3405 529 3472 Spengelii
554 3403 633 3457 verba
657 3403 721 3456 haee
739 3406 813 3456 sunt:
844 3403 895 3456 Die
921 3419 1004 3472 ganze
1032 3402 1138 3470 dortige
1162 3402 1335 3470 Schilderung
1362 3393 1440 3456 von'

196 3492 397 3560 unpraktischen
412 3491 586 3559 Philosopheu
599 3491 713 3544 erinnert
724 3490 827 3544 lebhaft
844 3507 876 3544 un
890 3489 946 3557 das,
966 3507 1017 3543 was
1030 3489 1125 3544 Platon
1138 3491 1221 3543 selbot
1238 3491 1274 3542 im
1287 3489 1416 3544 Theaetet

196 3579 250 3632 und
268 3579 314 3632 der
332 3578 463 3646 Republik
488 3579 620 3631 vielleieht
637 3578 711 3631 nieht
729 3578 795 3631 ohne
813 3579 964 3646 Beziehung
987 3578 1035 3631 auf
1058 3578 1128 3630 scine
1146 3577 1243 3631 Person
1268 3578 1413 3646 vorhringt.

196 3697 229 3705 -
247 3667 319 3719 Dicit
337 3669 424 3720 autem
443 3666 487 3718 illc
506 3667 561 3718 sine
579 3664 657 3718 dubio
676 3666 745 3718 locos
764 3665 823 3719 hos:
848 3666 887 3719 De
905 3666 968 3732 Rep.
988 3664 1069 3720 tata
1087 3670 1181 3735 τρίτον
1199 3664 1296 3732 δῶμεν
1313 3658 1415 3735 ἄστρο-

196 3760 294 3822 νομιάν
314 3795 319 3806 .
341 3798 347 3809 .
368 3794 373 3804 .
393 3795 398 3805 .
417 3747 449 3805 τδ
468 3748 520 3824 γάρ
538 3759 600 3823 περὶ
618 3746 689 3823 ῶραε
708 3746 942 3822 εὐαισθητοτέρως
960 3758 1032 3820 ἔχειν
1049 3759 1093 3804 καὶ
1109 3751 1204 3820 μηνῶν
1220 3758 1265 3804 καὶ
1284 3751 1417 3805 ἐνιαυτῶν

196 3835 226 3894 οὗ
249 3838 334 3909 μόνον
360 3847 476 3913 γεωργίᾳ
505 3833 566 3893 eride*
592 3839 715 3905 ναυτιλίᾳ
743 3837 880 3911 προσήκει,
909 3833 976 3892 (idid
1003 3846 1047 3892 καὶ
1075 3846 1224 3912 στρατηγίᾳ
1250 3833 1298 3909 οὐχ
1323 3825 1415 3906 ἧττον.

195 3923 284 3984 Ἡδίις
308 3928 349 3990 εἶ,
374 3915 409 3994 ἦν
426 3922 451 3981 δ’
470 3925 528 4000 ἐγώ,
560 3921 615 3981 dra
645 3931 757 3983 ὲόιιιοιε
786 3924 917 3981 δεδιότι
948 3921 1025 3982 τοδε
1053 3924 1213 3990 πολλοὺς,
1241 3922 1285 3995 μὴ
1314 3926 1417 4000 δοκῇς

196 4011 352 4086 ἄχρηστα
382 4013 574 4083 μαθήματα
604 4012 845 4086 προστάττειν
987 4030 1001 4068 c
1031 4007 1091 4066 άσοι
1118 4012 1148 4067 δέ
1178 4013 1275 4067 τούτου
1301 4013 1417 4088 μηδαμῇ

194 4091 350 4176 ᾗσθημένοι
369 4104 444 4165 εἰσίν,
465 4101 570 4159 εἰκότως
588 4097 740 4175 ἡγήσονταί
756 4123 786 4155 σε
805 4101 891 4174 λέγειν
910 4096 999 4155 οὐδέν·
1020 4095 1102 4167 άίλην
1119 4097 1171 4173 γάρ
1190 4095 1240 4154 ἀπ’
1259 4096 1348 4154 abab
1367 4096 1418 4171 οὐχ

195 4184 294 4261 δρῶσιν
313 4184 391 4251 άξίαν
409 4187 487 4261 λόγου
504 4184 636 4262 ὠφέλειαν
654 4194 682 4243 et
700 4189 804 4244 Theaet.
827 4189 947 4245 173d-
959 4191 1009 4243 175
1019 4188 1046 4242 b.
