<?xml version="1.0" encoding="UTF-8"?>
<!DOCTYPE html PUBLIC "-//W3C//DTD XHTML 1.0 Transitional//EN"
    "http://www.w3.org/TR/xhtml1/DTD/xhtml1-transitional.dtd">
<html xmlns="http://www.w3.org/1999/xhtml" xml:lang="en" lang="en">
 <head>
  <title>
</title>
<meta http-equiv="Content-Type" content="text/html;charset=utf-8" />
  <meta name='ocr-system' content='tesseract 3.04.00' />
  <meta name='ocr-capabilities' content='ocr_page ocr_carea ocr_par ocr_line ocrx_word'/>
</head>
<body>
  <div class='ocr_page' id='page_1' title='image "./deisocratispana00brangoog_0067.png"; bbox 0 0 3102 4696; ppageno 0'>
   <div class='ocr_carea' id='block_1_1' title="bbox 168 173 1427 4170">
    <p class='ocr_par' dir='ltr' id='par_1_1' title="bbox 757 173 797 234">
     <span class='ocr_line' id='line_1_1' title="bbox 757 173 797 234; baseline 0 0"><span class='ocrx_word' id='word_1_1' title='bbox 757 173 797 234; x_wconf 82' lang='grc'>58</span> 
     </span>
    </p>

    <p class='ocr_par' dir='ltr' id='par_1_2' title="bbox 168 381 1427 3413">
     <span class='ocr_line' id='line_1_2' title="bbox 171 381 1384 464; baseline 0 -22"><span class='ocrx_word' id='word_1_2' title='bbox 171 381 381 456; x_wconf 76' lang='grc' dir='ltr'>Αιιιειιιοοιιοι,</span> <span class='ocrx_word' id='word_1_3' title='bbox 406 383 485 462; x_wconf 91' lang='lat' dir='ltr'>quod</span> <span class='ocrx_word' id='word_1_4' title='bbox 509 383 605 446; x_wconf 89' lang='lat' dir='ltr'>olaros</span> <span class='ocrx_word' id='word_1_5' title='bbox 630 383 708 445; x_wconf 88' lang='lat' dir='ltr'>viros</span> <span class='ocrx_word' id='word_1_6' title='bbox 731 386 816 447; x_wconf 87' lang='lat' dir='ltr'>extra</span> <span class='ocrx_word' id='word_1_7' title='bbox 839 383 971 464; x_wconf 84' lang='lat' dir='ltr'>patriam</span> <span class='ocrx_word' id='word_1_8' title='bbox 996 383 1093 445; x_wconf 73' lang='lat' dir='ltr'>virere</span> <span class='ocrx_word' id='word_1_9' title='bbox 1117 381 1278 461; x_wconf 77' lang='lat' dir='ltr'>coegerint</span> <span class='ocrx_word' id='word_1_10' title='bbox 1303 381 1384 443; x_wconf 82' lang='lat' dir='ltr'>vitn-</span> 
     </span>
     <span class='ocr_line' id='line_1_3' title="bbox 169 475 1388 573; baseline -0.002 -23"><span class='ocrx_word' id='word_1_11' title='bbox 169 487 292 568; x_wconf 85' lang='lat' dir='ltr'>perat</span> <span class='ocrx_word' id='word_1_12' title='bbox 285 507 317 549; x_wconf 86' lang='lat' dir='ltr'>ln</span> <span class='ocrx_word' id='word_1_13' title='bbox 345 487 424 567; x_wconf 86' lang='lat' dir='ltr'>frgto</span> <span class='ocrx_word' id='word_1_14' title='bbox 455 489 515 552; x_wconf 82' lang='grc'>117</span> <span class='ocrx_word' id='word_1_15' title='bbox 554 475 662 550; x_wconf 82' lang='grc' dir='ltr'>άπασι</span> <span class='ocrx_word' id='word_1_16' title='bbox 696 479 756 573; x_wconf 77' lang='grc' dir='ltr'>γάρ</span> <span class='ocrx_word' id='word_1_17' title='bbox 791 483 873 551; x_wconf 85' lang='grc' dir='ltr'>εἰσιν</span> <span class='ocrx_word' id='word_1_18' title='bbox 901 483 1055 567; x_wconf 88' lang='grc' dir='ltr'>χαλεποί·</span> <span class='ocrx_word' id='word_1_19' title='bbox 1091 477 1144 550; x_wconf 84' lang='grc' dir='ltr'>διὸ</span> <span class='ocrx_word' id='word_1_20' title='bbox 1173 484 1230 550; x_wconf 84' lang='grc' dir='ltr'>καὶ</span> <span class='ocrx_word' id='word_1_21' title='bbox 1264 485 1388 549; x_wconf 83' lang='grc' dir='ltr'>ειλοντο</span> 
     </span>
     <span class='ocr_line' id='line_1_4' title="bbox 170 578 1385 680; baseline 0.001 -26"><span class='ocrx_word' id='word_1_22' title='bbox 170 578 273 654; x_wconf 72' lang='grc' dir='ltr'>αὐτῶν</span> <span class='ocrx_word' id='word_1_23' title='bbox 302 614 332 654; x_wconf 94' lang='grc' dir='ltr'>οι</span> <span class='ocrx_word' id='word_1_24' title='bbox 363 587 486 671; x_wconf 72' lang='grc' dir='ltr'>ἔνδοξοι</span> <span class='ocrx_word' id='word_1_25' title='bbox 516 588 577 672; x_wconf 73' lang='grc' dir='ltr'>ἔξω</span> <span class='ocrx_word' id='word_1_26' title='bbox 605 591 699 680; x_wconf 75' lang='grc' dir='ltr'>τῆς</span> <span class='ocrx_word' id='word_1_27' title='bbox 691 585 819 670; x_wconf 83' lang='grc' dir='ltr'>πόλεως</span> <span class='ocrx_word' id='word_1_28' title='bbox 851 590 1025 676; x_wconf 76' lang='grc' dir='ltr'>καταβιοῦν</span> <span class='ocrx_word' id='word_1_29' title='bbox 1058 591 1126 656; x_wconf 92' lang='grc' dir='ltr'>κτλ.</span> <span class='ocrx_word' id='word_1_30' title='bbox 1187 593 1224 656; x_wconf 91' lang='lat' dir='ltr'>In</span> <span class='ocrx_word' id='word_1_31' title='bbox 1260 593 1385 657; x_wconf 86' lang='lat' dir='ltr'>eosdem</span> 
     </span>
     <span class='ocr_line' id='line_1_5' title="bbox 170 698 1389 782; baseline 0 -21"><span class='ocrx_word' id='word_1_32' title='bbox 170 699 265 761; x_wconf 89' lang='lat' dir='ltr'>etiam</span> <span class='ocrx_word' id='word_1_33' title='bbox 305 698 515 764; x_wconf 88' lang='lat' dir='ltr'>vehementius</span> <span class='ocrx_word' id='word_1_34' title='bbox 556 701 709 765; x_wconf 89' lang='lat' dir='ltr'>invehitur</span> <span class='ocrx_word' id='word_1_35' title='bbox 742 701 821 782; x_wconf 88' lang='lat' dir='ltr'>frgto</span> <span class='ocrx_word' id='word_1_36' title='bbox 791 702 935 776; x_wconf 79' lang='lat' dir='ltr'>teas,</span> <span class='ocrx_word' id='word_1_37' title='bbox 975 701 1029 763; x_wconf 90' lang='lat' dir='ltr'>ubi</span> <span class='ocrx_word' id='word_1_38' title='bbox 1067 699 1170 780; x_wconf 87' lang='lat' dir='ltr'>arguit</span> <span class='ocrx_word' id='word_1_39' title='bbox 1216 718 1267 763; x_wconf 89' lang='lat' dir='ltr'>eos</span> <span class='ocrx_word' id='word_1_40' title='bbox 1305 699 1389 780; x_wconf 91' lang='lat' dir='ltr'>qnod</span> 
     </span>
     <span class='ocr_line' id='line_1_6' title="bbox 169 804 1391 888; baseline 0 -22"><span class='ocrx_word' id='word_1_41' title='bbox 169 804 363 868; x_wconf 83' lang='lat' dir='ltr'>luxuriaet</span> <span class='ocrx_word' id='word_1_42' title='bbox 330 808 422 888; x_wconf 90' lang='lat' dir='ltr'>atque</span> <span class='ocrx_word' id='word_1_43' title='bbox 452 806 614 871; x_wconf 83' lang='lat' dir='ltr'>effrenatae</span> <span class='ocrx_word' id='word_1_44' title='bbox 648 825 771 870; x_wconf 90' lang='lat' dir='ltr'>morum</span> <span class='ocrx_word' id='word_1_45' title='bbox 794 807 895 871; x_wconf 86' lang='lat' dir='ltr'>lieent&#39;</span> <span class='ocrx_word' id='word_1_46' title='bbox 888 826 934 871; x_wconf 89' lang='lat' dir='ltr'>rae</span> <span class='ocrx_word' id='word_1_47' title='bbox 963 825 995 870; x_wconf 89' lang='lat' dir='ltr'>se</span> <span class='ocrx_word' id='word_1_48' title='bbox 1019 807 1193 870; x_wconf 88' lang='lat' dir='ltr'>dedantet</span> <span class='ocrx_word' id='word_1_49' title='bbox 1179 805 1338 887; x_wconf 87' lang='lat' dir='ltr'>tplura</span> <span class='ocrx_word' id='word_1_50' title='bbox 1330 824 1391 866; x_wconf 88' lang='lat' dir='ltr'>nn-</span> 
     </span>
     <span class='ocr_line' id='line_1_7' title="bbox 170 910 1427 994; baseline -0.001 -21"><span class='ocrx_word' id='word_1_51' title='bbox 170 910 334 991; x_wconf 76' lang='lat' dir='ltr'>pendant</span> <span class='ocrx_word' id='word_1_52' title='bbox 327 931 358 974; x_wconf 92' lang='lat' dir='ltr'>m</span> <span class='ocrx_word' id='word_1_53' title='bbox 382 912 520 993; x_wconf 91' lang='lat' dir='ltr'>publioas</span> <span class='ocrx_word' id='word_1_54' title='bbox 540 913 646 994; x_wconf 85' lang='lat' dir='ltr'>epulas</span> <span class='ocrx_word' id='word_1_55' title='bbox 670 931 763 994; x_wconf 90' lang='lat' dir='ltr'>qnam</span> <span class='ocrx_word' id='word_1_56' title='bbox 783 913 815 976; x_wconf 91' lang='lat' dir='ltr'>in</span> <span class='ocrx_word' id='word_1_57' title='bbox 839 914 882 976; x_wconf 88' lang='lat' dir='ltr'>rei</span> <span class='ocrx_word' id='word_1_58' title='bbox 909 913 1049 994; x_wconf 88' lang='lat' dir='ltr'>publioae</span> <span class='ocrx_word' id='word_1_59' title='bbox 1079 912 1262 975; x_wconf 91' lang='lat' dir='ltr'>administra</span> <span class='ocrx_word' id='word_1_60' title='bbox 1263 911 1388 974; x_wconf 90' lang='lat' dir='ltr'>tionem.</span> <span class='ocrx_word' id='word_1_61' title='bbox 1424 913 1427 921; x_wconf 93' lang='lat'>&#39;</span> 
     </span>
     <span class='ocr_line' id='line_1_8' title="bbox 171 1003 1390 1103; baseline 0 -25"><span class='ocrx_word' id='word_1_62' title='bbox 171 1014 310 1080; x_wconf 82' lang='lat' dir='ltr'>Oharetis</span> <span class='ocrx_word' id='word_1_63' title='bbox 341 1017 422 1080; x_wconf 88' lang='lat' dir='ltr'>enim</span> <span class='ocrx_word' id='word_1_64' title='bbox 445 1017 598 1082; x_wconf 83' lang='lat' dir='ltr'>luxurioso</span> <span class='ocrx_word' id='word_1_65' title='bbox 624 1021 704 1082; x_wconf 86' lang='lat' dir='ltr'>ritae</span> <span class='ocrx_word' id='word_1_66' title='bbox 728 1038 836 1098; x_wconf 82' lang='lat' dir='ltr'>genere</span> <span class='ocrx_word' id='word_1_67' title='bbox 867 1021 1008 1083; x_wconf 84' lang='lat' dir='ltr'>enarrato</span> <span class='ocrx_word' id='word_1_68' title='bbox 1039 1018 1082 1082; x_wconf 88' lang='lat' dir='ltr'>sio</span> <span class='ocrx_word' id='word_1_69' title='bbox 1110 1018 1223 1099; x_wconf 89' lang='lat' dir='ltr'>pergit:</span> <span class='ocrx_word' id='word_1_70' title='bbox 1260 1003 1312 1103; x_wconf 73' lang='grc' dir='ltr'>ἐφ’</span> <span class='ocrx_word' id='word_1_71' title='bbox 1338 1005 1390 1092; x_wconf 83' lang='grc' dir='ltr'>οἷς</span> 
     </span>
     <span class='ocr_line' id='line_1_9' title="bbox 171 1109 1390 1209; baseline 0.001 -26"><span class='ocrx_word' id='word_1_72' title='bbox 171 1109 188 1183; x_wconf 83' lang='grc' dir='ltr'><em>ὃ</em></span> <span class='ocrx_word' id='word_1_73' title='bbox 218 1117 319 1208; x_wconf 76' lang='grc' dir='ltr'>δῆμος</span> <span class='ocrx_word' id='word_1_74' title='bbox 348 1111 366 1184; x_wconf 82' lang='grc' dir='ltr'><em>ὃ</em></span> <span class='ocrx_word' id='word_1_75' title='bbox 395 1118 459 1185; x_wconf 85' lang='grc' dir='ltr'>τῶν</span> <span class='ocrx_word' id='word_1_76' title='bbox 484 1110 669 1208; x_wconf 68' lang='grc' dir='ltr'>Ἀθηναίων</span> <span class='ocrx_word' id='word_1_77' title='bbox 704 1111 917 1187; x_wconf 82' lang='grc' dir='ltr'>ούδεπώποτε</span> <span class='ocrx_word' id='word_1_78' title='bbox 948 1111 1180 1209; x_wconf 76' lang='grc' dir='ltr'>ἠγανάκτησεν,</span> <span class='ocrx_word' id='word_1_79' title='bbox 1215 1109 1298 1186; x_wconf 85' lang='grc' dir='ltr'>άλλά</span> <span class='ocrx_word' id='word_1_80' title='bbox 1332 1111 1390 1185; x_wconf 82' lang='grc' dir='ltr'>διὰ</span> 
     </span>
     <span class='ocr_line' id='line_1_10' title="bbox 169 1215 1389 1316; baseline 0.002 -28"><span class='ocrx_word' id='word_1_81' title='bbox 169 1223 270 1289; x_wconf 75' lang='grc' dir='ltr'>ταῦτα</span> <span class='ocrx_word' id='word_1_82' title='bbox 299 1225 368 1289; x_wconf 77' lang='grc' dir='ltr'>καί·</span> <span class='ocrx_word' id='word_1_83' title='bbox 384 1225 505 1309; x_wconf 82' lang='grc' dir='ltr'>μάλλον</span> <span class='ocrx_word' id='word_1_84' title='bbox 536 1215 630 1292; x_wconf 75' lang='grc' dir='ltr'>αὐτὸν</span> <span class='ocrx_word' id='word_1_85' title='bbox 659 1217 774 1316; x_wconf 76' lang='grc' dir='ltr'>ἠγάπα</span> <span class='ocrx_word' id='word_1_86' title='bbox 802 1220 952 1316; x_wconf 65' lang='grc' dir='ltr'>(Χάρητα</span> <span class='ocrx_word' id='word_1_87' title='bbox 974 1229 1051 1312; x_wconf 81' lang='lat' dir='ltr'>soil.)</span> <span class='ocrx_word' id='word_1_88' title='bbox 1078 1225 1142 1292; x_wconf 91' lang='grc' dir='ltr'>τῶν</span> <span class='ocrx_word' id='word_1_89' title='bbox 1164 1225 1309 1292; x_wconf 90' lang='grc' dir='ltr'>πολιτῶν</span> <span class='ocrx_word' id='word_1_90' title='bbox 1331 1225 1389 1291; x_wconf 83' lang='grc' dir='ltr'>καί</span> 
     </span>
     <span class='ocr_line' id='line_1_11' title="bbox 170 1322 1391 1420; baseline 0.002 -26"><span class='ocrx_word' id='word_1_91' title='bbox 170 1327 319 1408; x_wconf 80' lang='grc' dir='ltr'>δικαίως·</span> <span class='ocrx_word' id='word_1_92' title='bbox 348 1330 404 1396; x_wconf 86' lang='grc' dir='ltr'>καί</span> <span class='ocrx_word' id='word_1_93' title='bbox 434 1324 493 1420; x_wconf 74' lang='grc' dir='ltr'>γάρ</span> <span class='ocrx_word' id='word_1_94' title='bbox 524 1322 615 1398; x_wconf 84' lang='grc' dir='ltr'>αύτοί</span> <span class='ocrx_word' id='word_1_95' title='bbox 645 1331 757 1398; x_wconf 80' lang='grc' dir='ltr'>τούτον</span> <span class='ocrx_word' id='word_1_96' title='bbox 786 1327 841 1399; x_wconf 87' lang='grc' dir='ltr'>τὸν</span> <span class='ocrx_word' id='word_1_97' title='bbox 869 1325 992 1420; x_wconf 79' lang='grc' dir='ltr'>τρόπον</span> <span class='ocrx_word' id='word_1_98' title='bbox 1022 1329 1102 1412; x_wconf 76' lang='grc' dir='ltr'>ἔζων</span> <span class='ocrx_word' id='word_1_99' title='bbox 1129 1322 1211 1398; x_wconf 84' lang='grc' dir='ltr'>ῶστε</span> <span class='ocrx_word' id='word_1_100' title='bbox 1233 1324 1308 1410; x_wconf 85' lang='grc' dir='ltr'>τοὺς</span> <span class='ocrx_word' id='word_1_101' title='bbox 1329 1330 1391 1414; x_wconf 82' lang='grc' dir='ltr'>μὲν</span> 
     </span>
     <span class='ocr_line' id='line_1_12' title="bbox 169 1427 1388 1527; baseline 0.001 -27"><span class='ocrx_word' id='word_1_102' title='bbox 169 1434 259 1514; x_wconf 80' lang='grc' dir='ltr'>νέοις</span> <span class='ocrx_word' id='word_1_103' title='bbox 293 1435 326 1501; x_wconf 77' lang='grc' dir='ltr'>ἓν</span> <span class='ocrx_word' id='word_1_104' title='bbox 358 1441 429 1516; x_wconf 89' lang='grc' dir='ltr'>τοῖς</span> <span class='ocrx_word' id='word_1_105' title='bbox 459 1427 673 1527; x_wconf 69' lang='grc' dir='ltr'>αὐλητριδίοις</span> <span class='ocrx_word' id='word_1_106' title='bbox 707 1440 763 1504; x_wconf 85' lang='grc' dir='ltr'>καί</span> <span class='ocrx_word' id='word_1_107' title='bbox 793 1431 884 1526; x_wconf 83' lang='grc' dir='ltr'>παρὰ</span> <span class='ocrx_word' id='word_1_108' title='bbox 914 1443 987 1516; x_wconf 87' lang='grc' dir='ltr'>ταῖς</span> <span class='ocrx_word' id='word_1_109' title='bbox 1023 1436 1167 1526; x_wconf 75' lang='grc' dir='ltr'>ἑταίραις</span> <span class='ocrx_word' id='word_1_110' title='bbox 1201 1435 1388 1525; x_wconf 81' lang='grc' dir='ltr'>διατρίβειν,</span> 
     </span>
     <span class='ocr_line' id='line_1_13' title="bbox 169 1534 1390 1633; baseline 0.002 -27"><span class='ocrx_word' id='word_1_111' title='bbox 169 1534 244 1620; x_wconf 79' lang='grc' dir='ltr'>τοὺς</span> <span class='ocrx_word' id='word_1_112' title='bbox 275 1541 311 1608; x_wconf 82' lang='grc' dir='ltr'>δὲ</span> <span class='ocrx_word' id='word_1_113' title='bbox 340 1537 455 1629; x_wconf 84' lang='grc' dir='ltr'>μικρὸν</span> <span class='ocrx_word' id='word_1_114' title='bbox 478 1542 608 1610; x_wconf 77' lang='grc' dir='ltr'>ἐκείνων</span> <span class='ocrx_word' id='word_1_115' title='bbox 638 1544 874 1633; x_wconf 82' lang='grc' dir='ltr'>πρεσβυτέροις</span> <span class='ocrx_word' id='word_1_116' title='bbox 897 1541 931 1610; x_wconf 68' lang='grc' dir='ltr'>ἔν</span> <span class='ocrx_word' id='word_1_117' title='bbox 952 1567 987 1610; x_wconf 90' lang='grc' dir='ltr'>τε</span> <span class='ocrx_word' id='word_1_118' title='bbox 1009 1548 1080 1622; x_wconf 82' lang='grc' dir='ltr'>τοῖς</span> <span class='ocrx_word' id='word_1_119' title='bbox 1101 1537 1215 1628; x_wconf 78' lang='grc' dir='ltr'>κύβοις</span> <span class='ocrx_word' id='word_1_120' title='bbox 1237 1543 1293 1609; x_wconf 84' lang='grc' dir='ltr'>καί</span> <span class='ocrx_word' id='word_1_121' title='bbox 1315 1547 1390 1622; x_wconf 86' lang='grc' dir='ltr'>ταῖς</span> 
     </span>
     <span class='ocr_line' id='line_1_14' title="bbox 169 1638 1390 1740; baseline 0.001 -28"><span class='ocrx_word' id='word_1_122' title='bbox 169 1640 335 1727; x_wconf 76' lang='grc' dir='ltr'>τοιαύταις</span> <span class='ocrx_word' id='word_1_123' title='bbox 360 1638 532 1731; x_wconf 87' lang='grc' dir='ltr'>άσωτίαις,</span> <span class='ocrx_word' id='word_1_124' title='bbox 564 1644 619 1716; x_wconf 89' lang='grc' dir='ltr'>τὸν</span> <span class='ocrx_word' id='word_1_125' title='bbox 651 1650 687 1716; x_wconf 78' lang='grc' dir='ltr'>δὲ</span> <span class='ocrx_word' id='word_1_126' title='bbox 718 1650 819 1740; x_wconf 75' lang='grc' dir='ltr'>δῆμον</span> <span class='ocrx_word' id='word_1_127' title='bbox 846 1641 977 1716; x_wconf 77' lang='grc' dir='ltr'>ἅπαντα</span> <span class='ocrx_word' id='word_1_128' title='bbox 1006 1647 1110 1716; x_wconf 90' lang='grc' dir='ltr'>πλείω</span> <span class='ocrx_word' id='word_1_129' title='bbox 1144 1646 1390 1715; x_wconf 83' lang='grc' dir='ltr'>καταναλίσκειν</span> 
     </span>
     <span class='ocr_line' id='line_1_15' title="bbox 169 1745 1389 1845; baseline 0.002 -27"><span class='ocrx_word' id='word_1_130' title='bbox 169 1745 296 1832; x_wconf 82' lang='grc' dir='ltr'>εἰςτὰς</span> <span class='ocrx_word' id='word_1_131' title='bbox 318 1747 429 1833; x_wconf 86' lang='grc' dir='ltr'>κοινάς</span> <span class='ocrx_word' id='word_1_132' title='bbox 452 1750 613 1835; x_wconf 72' lang='grc' dir='ltr'>ἑστιάσεις</span> <span class='ocrx_word' id='word_1_133' title='bbox 634 1757 690 1822; x_wconf 87' lang='grc' dir='ltr'>καί</span> <span class='ocrx_word' id='word_1_134' title='bbox 713 1755 905 1844; x_wconf 85' lang='grc' dir='ltr'>κρεανομίας</span> <span class='ocrx_word' id='word_1_135' title='bbox 927 1745 1010 1845; x_wconf 73' lang='grc' dir='ltr'>ἥπερ</span> <span class='ocrx_word' id='word_1_136' title='bbox 1033 1752 1081 1834; x_wconf 83' lang='grc' dir='ltr'>εἰς</span> <span class='ocrx_word' id='word_1_137' title='bbox 1099 1749 1158 1845; x_wconf 80' lang='grc' dir='ltr'>τὴν</span> <span class='ocrx_word' id='word_1_138' title='bbox 1180 1754 1238 1844; x_wconf 76' lang='grc' dir='ltr'>τῆς</span> <span class='ocrx_word' id='word_1_139' title='bbox 1260 1748 1389 1834; x_wconf 78' lang='grc' dir='ltr'>πόλεως</span> 
     </span>
     <span class='ocr_line' id='line_1_16' title="bbox 170 1857 1384 1948; baseline 0.003 -25"><span class='ocrx_word' id='word_1_140' title='bbox 170 1857 338 1948; x_wconf 82' lang='grc' dir='ltr'>διοίκησιν.</span> <span class='ocrx_word' id='word_1_141' title='bbox 385 1865 429 1929; x_wconf 91' lang='lat' dir='ltr'>Ut</span> <span class='ocrx_word' id='word_1_142' title='bbox 451 1866 612 1930; x_wconf 77' lang='lat' dir='ltr'>civitatum</span> <span class='ocrx_word' id='word_1_143' title='bbox 635 1885 672 1930; x_wconf 86' lang='lat' dir='ltr'>ao</span> <span class='ocrx_word' id='word_1_144' title='bbox 694 1866 827 1929; x_wconf 83' lang='lat' dir='ltr'>virorum</span> <span class='ocrx_word' id='word_1_145' title='bbox 850 1865 1044 1948; x_wconf 88' lang='lat' dir='ltr'>popularium</span> <span class='ocrx_word' id='word_1_146' title='bbox 1066 1865 1142 1929; x_wconf 87' lang='lat' dir='ltr'>vitia</span> <span class='ocrx_word' id='word_1_147' title='bbox 1163 1865 1315 1945; x_wconf 88' lang='lat' dir='ltr'>inorepat,</span> <span class='ocrx_word' id='word_1_148' title='bbox 1338 1865 1384 1928; x_wconf 89' lang='lat' dir='ltr'>ita</span> 
     </span>
     <span class='ocr_line' id='line_1_17' title="bbox 170 1967 1388 2052; baseline 0.004 -23"><span class='ocrx_word' id='word_1_149' title='bbox 170 1967 424 2034; x_wconf 77' lang='lat' dir='ltr'>Lacedaemonios</span> <span class='ocrx_word' id='word_1_150' title='bbox 452 1991 618 2052; x_wconf 76' lang='lat' dir='ltr'>eorumque</span> <span class='ocrx_word' id='word_1_151' title='bbox 652 1970 745 2035; x_wconf 87' lang='lat' dir='ltr'>dnees</span> <span class='ocrx_word' id='word_1_152' title='bbox 775 1972 917 2035; x_wconf 78' lang='lat' dir='ltr'>maximis</span> <span class='ocrx_word' id='word_1_153' title='bbox 947 1974 1037 2035; x_wconf 92' lang='lat' dir='ltr'>ornat</span> <span class='ocrx_word' id='word_1_154' title='bbox 1065 1971 1227 2046; x_wconf 87' lang='lat' dir='ltr'>laudibus,</span> <span class='ocrx_word' id='word_1_155' title='bbox 1259 1971 1388 2052; x_wconf 87' lang='lat' dir='ltr'>exempli</span> 
     </span>
     <span class='ocr_line' id='line_1_18' title="bbox 170 2075 1388 2160; baseline 0.002 -25"><span class='ocrx_word' id='word_1_156' title='bbox 170 2091 264 2136; x_wconf 84' lang='lat' dir='ltr'>eausa</span> <span class='ocrx_word' id='word_1_157' title='bbox 294 2094 372 2156; x_wconf 89' lang='lat' dir='ltr'>quae</span> <span class='ocrx_word' id='word_1_158' title='bbox 405 2077 435 2139; x_wconf 90' lang='lat' dir='ltr'>in</span> <span class='ocrx_word' id='word_1_159' title='bbox 463 2077 619 2159; x_wconf 77' lang='lat' dir='ltr'>&#39;Lysandro</span> <span class='ocrx_word' id='word_1_160' title='bbox 648 2077 762 2140; x_wconf 88' lang='lat' dir='ltr'>fuerint</span> <span class='ocrx_word' id='word_1_161' title='bbox 789 2077 918 2142; x_wconf 84' lang='lat' dir='ltr'>virtutes</span> <span class='ocrx_word' id='word_1_162' title='bbox 948 2078 1104 2160; x_wconf 88' lang='lat' dir='ltr'>praedioat</span> <span class='ocrx_word' id='word_1_163' title='bbox 1132 2076 1251 2140; x_wconf 83' lang='lat' dir='ltr'>Hellen.</span> <span class='ocrx_word' id='word_1_164' title='bbox 1282 2076 1334 2139; x_wconf 86' lang='lat' dir='ltr'>lib.</span> <span class='ocrx_word' id='word_1_165' title='bbox 1358 2075 1388 2138; x_wconf 89' lang='lat' dir='ltr'>X</span> 
     </span>
     <span class='ocr_line' id='line_1_19' title="bbox 169 2167 1390 2270; baseline 0.002 -29"><span class='ocrx_word' id='word_1_166' title='bbox 169 2177 248 2258; x_wconf 82' lang='lat' dir='ltr'>irgto</span> <span class='ocrx_word' id='word_1_167' title='bbox 269 2181 308 2242; x_wconf 84' lang='lat'>21</span> <span class='ocrx_word' id='word_1_168' title='bbox 341 2168 390 2244; x_wconf 76' lang='grc' dir='ltr'>ὅτι</span> <span class='ocrx_word' id='word_1_169' title='bbox 414 2172 594 2269; x_wconf 81' lang='grc' dir='ltr'>φιλόπονος</span> <span class='ocrx_word' id='word_1_170' title='bbox 622 2167 659 2270; x_wconf 77' lang='grc' dir='ltr'>ἦν</span> <span class='ocrx_word' id='word_1_171' title='bbox 686 2180 742 2246; x_wconf 86' lang='grc' dir='ltr'>καὶ</span> <span class='ocrx_word' id='word_1_172' title='bbox 765 2172 959 2268; x_wconf 67' lang='grc' dir='ltr'>θεραπεύειν</span> <span class='ocrx_word' id='word_1_173' title='bbox 982 2172 1153 2264; x_wconf 81' lang='grc' dir='ltr'>δυνάμενος</span> <span class='ocrx_word' id='word_1_174' title='bbox 1174 2176 1230 2244; x_wconf 86' lang='grc' dir='ltr'>καί</span> <span class='ocrx_word' id='word_1_175' title='bbox 1253 2171 1390 2257; x_wconf 82' lang='grc' dir='ltr'>ἰδιώτας</span> 
     </span>
     <span class='ocr_line' id='line_1_20' title="bbox 169 2275 1387 2374; baseline 0 -26"><span class='ocrx_word' id='word_1_176' title='bbox 169 2283 226 2347; x_wconf 83' lang='grc' dir='ltr'>καὶ</span> <span class='ocrx_word' id='word_1_177' title='bbox 260 2286 421 2368; x_wconf 81' lang='grc' dir='ltr'>βασιλεῖς,</span> <span class='ocrx_word' id='word_1_178' title='bbox 456 2278 594 2374; x_wconf 84' lang='grc' dir='ltr'>σώφρων</span> <span class='ocrx_word' id='word_1_179' title='bbox 628 2275 672 2352; x_wconf 88' lang='grc' dir='ltr'>ῶν</span> <span class='ocrx_word' id='word_1_180' title='bbox 704 2286 760 2352; x_wconf 85' lang='grc' dir='ltr'>καί</span> <span class='ocrx_word' id='word_1_181' title='bbox 795 2284 859 2352; x_wconf 91' lang='grc' dir='ltr'>τῶν</span> <span class='ocrx_word' id='word_1_182' title='bbox 890 2277 1012 2374; x_wconf 80' lang='grc' dir='ltr'>ἡδονῶν</span> <span class='ocrx_word' id='word_1_183' title='bbox 1044 2277 1184 2350; x_wconf 88' lang='grc' dir='ltr'>άπασῶν</span> <span class='ocrx_word' id='word_1_184' title='bbox 1217 2283 1387 2373; x_wconf 89' lang='grc' dir='ltr'>κρείττων·</span> 
     </span>
     <span class='ocr_line' id='line_1_21' title="bbox 169 2379 1389 2483; baseline -0.004 -22"><span class='ocrx_word' id='word_1_185' title='bbox 169 2387 334 2483; x_wconf 76' lang='grc' dir='ltr'>γενόμενος</span> <span class='ocrx_word' id='word_1_186' title='bbox 363 2390 436 2478; x_wconf 74' lang='grc' dir='ltr'>γῶν</span> <span class='ocrx_word' id='word_1_187' title='bbox 465 2390 522 2480; x_wconf 75' lang='grc' dir='ltr'>τῆς</span> <span class='ocrx_word' id='word_1_188' title='bbox 550 2385 702 2470; x_wconf 87' lang='grc' dir='ltr'>Ελλάδος</span> <span class='ocrx_word' id='word_1_189' title='bbox 732 2383 891 2474; x_wconf 65' lang='grc' dir='ltr'>σχεδὸνί</span> <span class='ocrx_word' id='word_1_190' title='bbox 872 2384 1004 2480; x_wconf 74' lang='grc' dir='ltr'>απάσρς</span> <span class='ocrx_word' id='word_1_191' title='bbox 1036 2383 1146 2478; x_wconf 87' lang='grc' dir='ltr'>κύριος</span> <span class='ocrx_word' id='word_1_192' title='bbox 1184 2388 1218 2456; x_wconf 78' lang='grc' dir='ltr'>ἐν</span> <span class='ocrx_word' id='word_1_193' title='bbox 1254 2379 1389 2478; x_wconf 80' lang='grc' dir='ltr'>οσδεμίᾳ</span> 
     </span>
     <span class='ocr_line' id='line_1_22' title="bbox 169 2487 1390 2626; baseline -0.004 -60"><span class='ocrx_word' id='word_1_194' title='bbox 169 2492 347 2590; x_wconf 69' lang='grc' dir='ltr'>φανήσεται</span> <span class='ocrx_word' id='word_1_195' title='bbox 367 2496 431 2564; x_wconf 90' lang='grc' dir='ltr'>τῶν</span> <span class='ocrx_word' id='word_1_196' title='bbox 452 2488 630 2564; x_wconf 89' lang='grc' dir='ltr'>πόλεων</span> <span class='ocrx_word' id='word_1_197' title='bbox 603 2487 673 2564; x_wconf 90' lang='grc' dir='ltr'>ούτε</span> <span class='ocrx_word' id='word_1_198' title='bbox 695 2491 780 2626; x_wconf 82' lang='grc' dir='ltr'>πρὸς</span> <span class='ocrx_word' id='word_1_199' title='bbox 800 2491 859 2576; x_wconf 88' lang='grc' dir='ltr'>τάς</span> <span class='ocrx_word' id='word_1_200' title='bbox 881 2487 1093 2587; x_wconf 83' lang='grc' dir='ltr'>άφροδισίονς</span> <span class='ocrx_word' id='word_1_201' title='bbox 1115 2487 1262 2585; x_wconf 75' lang='grc' dir='ltr'>ἡδονάςί</span> <span class='ocrx_word' id='word_1_202' title='bbox 1247 2488 1390 2584; x_wconf 77' lang='grc' dir='ltr'>ορμήσας</span> 
     </span>
     <span class='ocr_line' id='line_1_23' title="bbox 171 2593 1387 2692; baseline -0.004 -19"><span class='ocrx_word' id='word_1_203' title='bbox 171 2595 241 2673; x_wconf 88' lang='grc' dir='ltr'>ούτε</span> <span class='ocrx_word' id='word_1_204' title='bbox 270 2604 395 2690; x_wconf 69' lang='grc' dir='ltr'>μέθαις</span> <span class='ocrx_word' id='word_1_205' title='bbox 423 2602 479 2669; x_wconf 83' lang='grc' dir='ltr'>καί</span> <span class='ocrx_word' id='word_1_206' title='bbox 510 2597 628 2683; x_wconf 89' lang='grc' dir='ltr'>πάτοις</span> <span class='ocrx_word' id='word_1_207' title='bbox 650 2593 799 2692; x_wconf 89' lang='grc' dir='ltr'>άκαίροις</span> <span class='ocrx_word' id='word_1_208' title='bbox 819 2596 934 2692; x_wconf 70' lang='grc' dir='ltr'>χρησάι</span> <span class='ocrx_word' id='word_1_209' title='bbox 921 2628 1024 2687; x_wconf 85' lang='grc' dir='ltr'>μενος.</span> <span class='ocrx_word' id='word_1_210' title='bbox 1079 2605 1178 2670; x_wconf 86' lang='lat' dir='ltr'><strong>Simili</strong></span> <span class='ocrx_word' id='word_1_211' title='bbox 1201 2606 1291 2686; x_wconf 88' lang='lat' dir='ltr'>modo</span> <span class='ocrx_word' id='word_1_212' title='bbox 1314 2623 1387 2669; x_wconf 90' lang='lat' dir='ltr'>eum</span> 
     </span>
     <span class='ocr_line' id='line_1_24' title="bbox 170 2711 1388 2796; baseline -0.003 -18"><span class='ocrx_word' id='word_1_213' title='bbox 170 2717 202 2778; x_wconf 90' lang='lat' dir='ltr'>in</span> <span class='ocrx_word' id='word_1_214' title='bbox 225 2713 463 2796; x_wconf 87' lang='lat' dir='ltr'>Philippioorum</span> <span class='ocrx_word' id='word_1_215' title='bbox 492 2713 568 2776; x_wconf 88' lang='lat' dir='ltr'>lihro</span> <span class='ocrx_word' id='word_1_216' title='bbox 591 2713 727 2777; x_wconf 86' lang='lat' dir='ltr'>Xlllet</span> <span class='ocrx_word' id='word_1_217' title='bbox 695 2715 786 2777; x_wconf 90' lang='lat' dir='ltr'>etin</span> <span class='ocrx_word' id='word_1_218' title='bbox 809 2713 1037 2777; x_wconf 89' lang='lat' dir='ltr'>Hellenioorum</span> <span class='ocrx_word' id='word_1_219' title='bbox 1064 2713 1140 2776; x_wconf 87' lang='lat' dir='ltr'>libro</span> <span class='ocrx_word' id='word_1_220' title='bbox 1163 2711 1207 2774; x_wconf 90' lang='lat' dir='ltr'>XI</span> <span class='ocrx_word' id='word_1_221' title='bbox 1235 2711 1272 2776; x_wconf 89' lang='lat' dir='ltr'>de</span> <span class='ocrx_word' id='word_1_222' title='bbox 1295 2711 1388 2774; x_wconf 84' lang='lat' dir='ltr'>Lane-</span> 
     </span>
     <span class='ocr_line' id='line_1_25' title="bbox 171 2816 1388 2900; baseline -0.005 -16"><span class='ocrx_word' id='word_1_223' title='bbox 171 2821 400 2886; x_wconf 87' lang='lat' dir='ltr'>daemoniorum</span> <span class='ocrx_word' id='word_1_224' title='bbox 431 2819 617 2883; x_wconf 88' lang='lat' dir='ltr'>abstinentia</span> <span class='ocrx_word' id='word_1_225' title='bbox 652 2820 750 2900; x_wconf 82' lang='lat' dir='ltr'>egisse</span> <span class='ocrx_word' id='word_1_226' title='bbox 785 2819 929 2883; x_wconf 86' lang='lat' dir='ltr'>doeemur</span> <span class='ocrx_word' id='word_1_227' title='bbox 960 2818 999 2881; x_wconf 91' lang='lat' dir='ltr'>ab</span> <span class='ocrx_word' id='word_1_228' title='bbox 1029 2818 1197 2892; x_wconf 78' lang='lat' dir='ltr'>Athenaeo,</span> <span class='ocrx_word' id='word_1_229' title='bbox 1233 2817 1284 2899; x_wconf 89' lang='lat' dir='ltr'>qni</span> <span class='ocrx_word' id='word_1_230' title='bbox 1314 2816 1388 2879; x_wconf 88' lang='lat' dir='ltr'>XIV</span> 
     </span>
     <span class='ocr_line' id='line_1_26' title="bbox 169 2913 1389 3010; baseline -0.005 -20"><span class='ocrx_word' id='word_1_231' title='bbox 169 2947 197 3010; x_wconf 89' lang='lat' dir='ltr'>p.</span> <span class='ocrx_word' id='word_1_232' title='bbox 216 2927 311 2990; x_wconf 69' lang='lat'>6571&gt;</span> <span class='ocrx_word' id='word_1_233' title='bbox 335 2926 411 2988; x_wconf 86' lang='lat' dir='ltr'>haee</span> <span class='ocrx_word' id='word_1_234' title='bbox 435 2925 554 2989; x_wconf 78' lang='lat' dir='ltr'>scribit:</span> <span class='ocrx_word' id='word_1_235' title='bbox 588 2915 791 3006; x_wconf 82' lang='grc' dir='ltr'>Θεόπομπος</span> <span class='ocrx_word' id='word_1_236' title='bbox 822 2921 855 2986; x_wconf 78' lang='grc' dir='ltr'>ἐν</span> <span class='ocrx_word' id='word_1_237' title='bbox 884 2913 1141 3007; x_wconf 79' lang='grc' dir='ltr'>τρισκαιδεκάτῳ</span> <span class='ocrx_word' id='word_1_238' title='bbox 1172 2916 1389 2985; x_wconf 76' lang='grc' dir='ltr'>Φιλιππικῶν</span> 
     </span>
     <span class='ocr_line' id='line_1_27' title="bbox 169 3017 1388 3116; baseline -0.004 -22"><span class='ocrx_word' id='word_1_239' title='bbox 169 3029 224 3094; x_wconf 85' lang='grc' dir='ltr'>καί</span> <span class='ocrx_word' id='word_1_240' title='bbox 257 3020 415 3114; x_wconf 75' lang='grc' dir='ltr'>ἑνδεκάτῳ</span> <span class='ocrx_word' id='word_1_241' title='bbox 443 3018 632 3116; x_wconf 81' lang='grc' dir='ltr'>Ἑλληνικῶν</span> <span class='ocrx_word' id='word_1_242' title='bbox 661 3027 694 3092; x_wconf 80' lang='grc' dir='ltr'>ἐν</span> <span class='ocrx_word' id='word_1_243' title='bbox 726 3017 775 3106; x_wconf 84' lang='grc' dir='ltr'>οἷς</span> <span class='ocrx_word' id='word_1_244' title='bbox 807 3025 975 3116; x_wconf 76' lang='grc' dir='ltr'>ἐμφανίζει</span> <span class='ocrx_word' id='word_1_245' title='bbox 1004 3019 1042 3092; x_wconf 86' lang='grc' dir='ltr'>τὸ</span> <span class='ocrx_word' id='word_1_246' title='bbox 1071 3026 1148 3112; x_wconf 83' lang='grc' dir='ltr'>περὶ</span> <span class='ocrx_word' id='word_1_247' title='bbox 1170 3019 1227 3114; x_wconf 77' lang='grc' dir='ltr'>τὴν</span> <span class='ocrx_word' id='word_1_248' title='bbox 1249 3024 1388 3112; x_wconf 76' lang='grc' dir='ltr'>γαστέρα</span> 
     </span>
     <span class='ocr_line' id='line_1_28' title="bbox 168 3123 1387 3221; baseline -0.003 -21"><span class='ocrx_word' id='word_1_249' title='bbox 168 3133 233 3200; x_wconf 92' lang='grc' dir='ltr'>τῶν</span> <span class='ocrx_word' id='word_1_250' title='bbox 256 3126 428 3200; x_wconf 86' lang='grc' dir='ltr'>Λακώνων</span> <span class='ocrx_word' id='word_1_251' title='bbox 450 3132 602 3221; x_wconf 69' lang='grc' dir='ltr'>ἐγκρατὲς</span> <span class='ocrx_word' id='word_1_252' title='bbox 625 3126 741 3220; x_wconf 76' lang='grc' dir='ltr'>γράφει</span> <span class='ocrx_word' id='word_1_253' title='bbox 765 3123 873 3210; x_wconf 78' lang='grc' dir='ltr'>ούτως.</span> <span class='ocrx_word' id='word_1_254' title='bbox 920 3134 1005 3213; x_wconf 82' lang='lat' dir='ltr'>Quae</span> <span class='ocrx_word' id='word_1_255' title='bbox 1029 3135 1185 3217; x_wconf 85' lang='lat' dir='ltr'>praefatus</span> <span class='ocrx_word' id='word_1_256' title='bbox 1207 3134 1387 3198; x_wconf 80' lang='lat' dir='ltr'>Athenaeus</span> 
     </span>
     <span class='ocr_line' id='line_1_29' title="bbox 169 3238 1387 3322; baseline -0.003 -15"><span class='ocrx_word' id='word_1_257' title='bbox 169 3243 265 3307; x_wconf 83' lang='lat' dir='ltr'>tradit</span> <span class='ocrx_word' id='word_1_258' title='bbox 301 3243 507 3306; x_wconf 84' lang='lat' dir='ltr'>narrationem</span> <span class='ocrx_word' id='word_1_259' title='bbox 537 3262 553 3306; x_wconf 88' lang='lat' dir='ltr'>e</span> <span class='ocrx_word' id='word_1_260' title='bbox 581 3242 768 3322; x_wconf 84' lang='lat' dir='ltr'>Theopompi</span> <span class='ocrx_word' id='word_1_261' title='bbox 808 3240 928 3322; x_wconf 87' lang='lat' dir='ltr'>seriptis</span> <span class='ocrx_word' id='word_1_262' title='bbox 964 3238 1120 3322; x_wconf 79' lang='lat' dir='ltr'>sumptam</span> <span class='ocrx_word' id='word_1_263' title='bbox 1156 3258 1217 3322; x_wconf 91' lang='lat' dir='ltr'>qua</span> <span class='ocrx_word' id='word_1_264' title='bbox 1251 3240 1387 3320; x_wconf 83' lang='lat' dir='ltr'>Agesilai</span> 
     </span>
     <span class='ocr_line' id='line_1_30' title="bbox 170 3348 534 3413; baseline -0.005 -1"><span class='ocrx_word' id='word_1_265' title='bbox 170 3348 358 3413; x_wconf 73' lang='lat' dir='ltr'>continentia</span> <span class='ocrx_word' id='word_1_266' title='bbox 380 3348 534 3411; x_wconf 87' lang='lat' dir='ltr'>laudatur.</span> 
     </span>
    </p>

    <p class='ocr_par' dir='ltr' id='par_1_3' title="bbox 169 3451 1389 4170">
     <span class='ocr_line' id='line_1_31' title="bbox 260 3451 1389 3534; baseline -0.004 -16"><span class='ocrx_word' id='word_1_267' title='bbox 260 3452 339 3518; x_wconf 79' lang='lat' dir='ltr'>Cum</span> <span class='ocrx_word' id='word_1_268' title='bbox 368 3454 463 3534; x_wconf 88' lang='lat' dir='ltr'>igitur</span> <span class='ocrx_word' id='word_1_269' title='bbox 493 3472 529 3517; x_wconf 86' lang='lat' dir='ltr'>ex</span> <span class='ocrx_word' id='word_1_270' title='bbox 552 3452 694 3516; x_wconf 89' lang='lat' dir='ltr'>omnibus</span> <span class='ocrx_word' id='word_1_271' title='bbox 724 3470 802 3533; x_wconf 88' lang='lat' dir='ltr'>quae</span> <span class='ocrx_word' id='word_1_272' title='bbox 825 3452 862 3517; x_wconf 91' lang='lat' dir='ltr'>de</span> <span class='ocrx_word' id='word_1_273' title='bbox 886 3452 1034 3533; x_wconf 89' lang='lat' dir='ltr'>disoipulo</span> <span class='ocrx_word' id='word_1_274' title='bbox 1055 3452 1174 3533; x_wconf 88' lang='lat' dir='ltr'>prolata</span> <span class='ocrx_word' id='word_1_275' title='bbox 1197 3455 1270 3516; x_wconf 90' lang='lat' dir='ltr'>sunt</span> <span class='ocrx_word' id='word_1_276' title='bbox 1291 3451 1389 3514; x_wconf 83' lang='lat' dir='ltr'>Theo·</span> 
     </span>
     <span class='ocr_line' id='line_1_32' title="bbox 170 3557 1388 3644; baseline -0.001 -21"><span class='ocrx_word' id='word_1_277' title='bbox 170 3560 272 3644; x_wconf 93' lang='lat' dir='ltr'>pompi</span> <span class='ocrx_word' id='word_1_278' title='bbox 306 3560 467 3640; x_wconf 89' lang='lat' dir='ltr'>ingenium</span> <span class='ocrx_word' id='word_1_279' title='bbox 503 3577 539 3622; x_wconf 90' lang='lat' dir='ltr'>ao</span> <span class='ocrx_word' id='word_1_280' title='bbox 569 3561 682 3622; x_wconf 88' lang='lat' dir='ltr'>natura</span> <span class='ocrx_word' id='word_1_281' title='bbox 712 3557 842 3622; x_wconf 89' lang='lat' dir='ltr'>diluoide</span> <span class='ocrx_word' id='word_1_282' title='bbox 878 3560 1037 3640; x_wconf 82' lang='lat' dir='ltr'>appareat,</span> <span class='ocrx_word' id='word_1_283' title='bbox 1074 3558 1149 3621; x_wconf 91' lang='lat' dir='ltr'>satis</span> <span class='ocrx_word' id='word_1_284' title='bbox 1177 3576 1244 3622; x_wconf 87' lang='lat' dir='ltr'>esse</span> <span class='ocrx_word' id='word_1_285' title='bbox 1275 3575 1388 3622; x_wconf 87' lang='lat' dir='ltr'>oausae</span> 
     </span>
     <span class='ocr_line' id='line_1_33' title="bbox 170 3663 1387 3748; baseline -0.003 -18"><span class='ocrx_word' id='word_1_286' title='bbox 170 3667 382 3748; x_wconf 88' lang='lat' dir='ltr'>unusquisque</span> <span class='ocrx_word' id='word_1_287' title='bbox 412 3664 608 3728; x_wconf 86' lang='lat' dir='ltr'>eonfitebitnr</span> <span class='ocrx_word' id='word_1_288' title='bbox 637 3683 692 3728; x_wconf 87' lang='lat' dir='ltr'>our</span> <span class='ocrx_word' id='word_1_289' title='bbox 722 3665 805 3728; x_wconf 86' lang='lat' dir='ltr'>huno</span> <span class='ocrx_word' id='word_1_290' title='bbox 827 3664 958 3728; x_wconf 86' lang='lat' dir='ltr'>desorihi</span> <span class='ocrx_word' id='word_1_291' title='bbox 981 3664 1039 3727; x_wconf 86' lang='lat' dir='ltr'>sub</span> <span class='ocrx_word' id='word_1_292' title='bbox 1061 3664 1197 3744; x_wconf 85' lang='lat' dir='ltr'>imagine</span> <span class='ocrx_word' id='word_1_293' title='bbox 1219 3663 1387 3728; x_wconf 88' lang='lat' dir='ltr'>laudatoris</span> 
     </span>
     <span class='ocr_line' id='line_1_34' title="bbox 169 3769 1388 3852; baseline -0.003 -16"><span class='ocrx_word' id='word_1_294' title='bbox 169 3773 252 3836; x_wconf 89' lang='lat' dir='ltr'>illius</span> <span class='ocrx_word' id='word_1_295' title='bbox 275 3771 586 3835; x_wconf 74' lang='lat' dir='ltr'>Lacedaemoniorum</span> <span class='ocrx_word' id='word_1_296' title='bbox 615 3789 667 3852; x_wconf 88' lang='lat' dir='ltr'>pro</span> <span class='ocrx_word' id='word_1_297' title='bbox 691 3771 843 3852; x_wconf 82' lang='lat' dir='ltr'>explorato</span> <span class='ocrx_word' id='word_1_298' title='bbox 866 3769 1044 3832; x_wconf 88' lang='lat' dir='ltr'>habeamus.</span> <span class='ocrx_word' id='word_1_299' title='bbox 1097 3769 1183 3834; x_wconf 89' lang='lat' dir='ltr'>Adde</span> <span class='ocrx_word' id='word_1_300' title='bbox 1208 3770 1288 3852; x_wconf 90' lang='lat' dir='ltr'>quod</span> <span class='ocrx_word' id='word_1_301' title='bbox 1310 3771 1388 3834; x_wconf 87' lang='lat' dir='ltr'>tem-</span> 
     </span>
     <span class='ocr_line' id='line_1_35' title="bbox 171 3874 1387 3960; baseline -0.004 -18"><span class='ocrx_word' id='word_1_302' title='bbox 171 3879 251 3960; x_wconf 90' lang='lat' dir='ltr'>poris</span> <span class='ocrx_word' id='word_1_303' title='bbox 275 3878 352 3941; x_wconf 86' lang='lat' dir='ltr'>ratio</span> <span class='ocrx_word' id='word_1_304' title='bbox 375 3877 448 3941; x_wconf 86' lang='lat' dir='ltr'>huie</span> <span class='ocrx_word' id='word_1_305' title='bbox 470 3876 581 3940; x_wconf 92' lang='lat' dir='ltr'>indioio</span> <span class='ocrx_word' id='word_1_306' title='bbox 604 3876 680 3939; x_wconf 92' lang='lat' dir='ltr'>nihil</span> <span class='ocrx_word' id='word_1_307' title='bbox 703 3878 869 3958; x_wconf 81' lang='lat' dir='ltr'>repugnat3</span> <span class='ocrx_word' id='word_1_308' title='bbox 891 3894 964 3938; x_wconf 91' lang='lat' dir='ltr'>nam</span> <span class='ocrx_word' id='word_1_309' title='bbox 987 3894 1060 3938; x_wconf 84' lang='lat' dir='ltr'>anm</span> <span class='ocrx_word' id='word_1_310' title='bbox 1082 3875 1132 3938; x_wconf 91' lang='lat' dir='ltr'>ille</span> <span class='ocrx_word' id='word_1_311' title='bbox 1156 3894 1235 3938; x_wconf 91' lang='lat' dir='ltr'>anno</span> <span class='ocrx_word' id='word_1_312' title='bbox 1259 3874 1387 3939; x_wconf 88' lang='lat' dir='ltr'>demum</span> 
     </span>
     <span class='ocr_line' id='line_1_36' title="bbox 170 3979 1388 4073; baseline -0.002 -27"><span class='ocrx_word' id='word_1_313' title='bbox 170 3983 405 4066; x_wconf 85' lang='lat' dir='ltr'>quadragesimo</span> <span class='ocrx_word' id='word_1_314' title='bbox 434 3982 540 4062; x_wconf 87' lang='lat' dir='ltr'>quinto</span> <span class='ocrx_word' id='word_1_315' title='bbox 570 3982 683 4073; x_wconf 73' lang='lat' dir='ltr'>aetatis</span> <span class='ocrx_word' id='word_1_316' title='bbox 711 4000 802 4057; x_wconf 91' lang='lat' dir='ltr'>suae,</span> <span class='ocrx_word' id='word_1_317' title='bbox 831 3981 950 4045; x_wconf 91' lang='lat' dir='ltr'>i.e.a.</span> <span class='ocrx_word' id='word_1_318' title='bbox 976 3979 1186 4056; x_wconf 75' lang='lat' dir='ltr'>enneae,</span> <span class='ocrx_word' id='word_1_319' title='bbox 1220 3980 1388 4044; x_wconf 83' lang='lat' dir='ltr'>Alexandri</span> 
     </span>
     <span class='ocr_line' id='line_1_37' title="bbox 170 4086 1387 4170; baseline -0.004 -17"><span class='ocrx_word' id='word_1_320' title='bbox 170 4091 271 4170; x_wconf 89' lang='lat' dir='ltr'>gratia</span> <span class='ocrx_word' id='word_1_321' title='bbox 300 4089 331 4150; x_wconf 92' lang='lat' dir='ltr'>in</span> <span class='ocrx_word' id='word_1_322' title='bbox 361 4088 494 4168; x_wconf 86' lang='lat' dir='ltr'>patriam</span> <span class='ocrx_word' id='word_1_323' title='bbox 521 4091 681 4152; x_wconf 77' lang='lat' dir='ltr'>revocatus</span> <span class='ocrx_word' id='word_1_324' title='bbox 712 4088 753 4151; x_wconf 89' lang='lat' dir='ltr'>sit</span> <span class='ocrx_word' id='word_1_325' title='bbox 762 4091 782 4163; x_wconf 81' lang='lat'>1,</span> <span class='ocrx_word' id='word_1_326' title='bbox 814 4087 888 4149; x_wconf 91' lang='lat' dir='ltr'>nihil</span> <span class='ocrx_word' id='word_1_327' title='bbox 918 4087 1020 4150; x_wconf 90' lang='lat' dir='ltr'>obstat</span> <span class='ocrx_word' id='word_1_328' title='bbox 1043 4086 1206 4167; x_wconf 89' lang='lat' dir='ltr'>quominus</span> <span class='ocrx_word' id='word_1_329' title='bbox 1230 4105 1301 4150; x_wconf 87' lang='lat' dir='ltr'>enm</span> <span class='ocrx_word' id='word_1_330' title='bbox 1328 4103 1387 4167; x_wconf 91' lang='lat' dir='ltr'>quo</span> 
     </span>
    </p>
   </div>
   <div class='ocr_carea' id='block_1_2' title="bbox 261 4240 1096 4311">
    <p class='ocr_par' dir='ltr' id='par_1_4' title="bbox 261 4240 1096 4311">
     <span class='ocr_line' id='line_1_38' title="bbox 261 4240 1096 4311; baseline 0 -15"><span class='ocrx_word' id='word_1_331' title='bbox 261 4242 348 4300; x_wconf 86' lang='lat' dir='ltr'>1Vid.</span> <span class='ocrx_word' id='word_1_332' title='bbox 368 4243 487 4297; x_wconf 88' lang='lat' dir='ltr'>Muelleri</span> <span class='ocrx_word' id='word_1_333' title='bbox 506 4243 568 4311; x_wconf 84' lang='lat' dir='ltr'>irgt.</span> <span class='ocrx_word' id='word_1_334' title='bbox 588 4243 649 4297; x_wconf 87' lang='lat' dir='ltr'>hist.</span> <span class='ocrx_word' id='word_1_335' title='bbox 669 4242 759 4297; x_wconf 84' lang='lat' dir='ltr'>Graec.</span> <span class='ocrx_word' id='word_1_336' title='bbox 778 4240 818 4296; x_wconf 91' lang='lat' dir='ltr'>ed.</span> <span class='ocrx_word' id='word_1_337' title='bbox 836 4242 886 4297; x_wconf 91' lang='lat' dir='ltr'>vol.</span> <span class='ocrx_word' id='word_1_338' title='bbox 906 4242 918 4294; x_wconf 97' lang='lat' dir='ltr'>l</span> <span class='ocrx_word' id='word_1_339' title='bbox 942 4258 968 4310; x_wconf 90' lang='lat' dir='ltr'>p.</span> <span class='ocrx_word' id='word_1_340' title='bbox 986 4242 1096 4296; x_wconf 87' lang='lat' dir='ltr'>LXVII.</span> 
     </span>
    </p>
   </div>
   <div class='ocr_carea' id='block_1_3' title="bbox 0 0 1556 4696">
    <p class='ocr_par' dir='ltr' id='par_1_5' title="bbox 0 0 1556 4696">
     <span class='ocr_line' id='line_1_39' title="bbox 0 0 1556 4696; baseline 0 0"><span class='ocrx_word' id='word_1_341' title='bbox 0 0 1556 4696; x_wconf 95' lang='lat' dir='ltr'> </span> 
     </span>
    </p>
   </div>
  </div>
 </body>
</html>
