3102 4696
802 129 843 191 48

210 361 245 402 τε
266 334 404 424 χρῶνται
426 335 482 401 καὶ
505 339 575 413 τοῖς
597 324 708 413 δίλλοις
731 335 930 423 κατέδειξαν)
961 339 1059 403 faeere
1082 358 1143 404 non
1165 357 1329 421 possumus
1354 340 1430 420 quin

212 445 240 508 ei
263 445 469 510 assentiamur
491 445 536 508 ita
559 462 665 508 seeum
688 445 912 526 quodammode
939 463 1076 527 pugnare
1105 445 1300 526 discipulum.
1345 444 1430 507 Nam

211 551 268 613 hee
290 550 486 632 potissimum
508 551 697 632 prepositum
720 553 787 614 erat
808 551 921 615 aratori
944 554 980 615 ut
1007 551 1139 616 maiores
1167 569 1239 614 suos
1262 551 1326 613 iam
1349 551 1431 614 anti-

211 656 318 736 quitus
348 658 469 737 praeter
499 654 754 720 Lacedaemonios
788 655 926 720 floruisse
957 655 1190 721 demonstraret.
1235 655 1346 738 Itaque
1374 656 1430 718 illa

212 760 336 843 quidem
359 760 499 843 dissipali
523 761 720 825 eantradietio
744 761 897 844 diserepat
919 779 938 825 a
962 761 1037 826 satis
1060 760 1167 825 multis
1189 761 1264 824 loeis
1281 761 1428 824 orationis

138 861 143 868 ’
211 884 306 948 quam
335 866 515 930 laudaverat
525 869 546 929 ¹.
592 864 652 930 Sed
682 867 740 930 hae
773 867 840 949 ipsa
870 866 907 931 de
941 885 1036 930 eausa
1069 885 1207 948 expresse
1235 866 1431 949 vituperatur

211 971 381 1053 diseipulus
405 989 424 1034 a
446 973 655 1053 praeceptere3
678 990 753 1034 nam
775 971 872 1053 §203
896 957 1015 1057 ἠρόμην
1037 957 1141 1049 αι’πὸν,
1167 971 1315 1036 [seerates
1343 972 1430 1047 dicit,

211 1071 240 1139 εὶ
261 1071 361 1161 μηδὲν
383 1070 545 1162 φροντίζει
574 1069 638 1138 τῶν
666 1064 834 1161 παρόντων
855 1062 930 1161 μηδ
962 1066 1143 1156 αἰσχύνεται
1170 1066 1266 1160 λόγον
1294 1066 1429 1162 εἰρηκὼς

211 1167 312 1266 aneae}
334 1177 391 1243 καὶ
420 1175 525 1266 ψευδῆ
554 1178 610 1244 καί
640 1177 771 1245 πολλῶν
802 1171 1015 1245 ἐναντιώσεων
1032 1172 1150 1262 μεστόν
1174 1185 1205 1246 et
1226 1181 1306 1245 infra
1328 1181 1428 1264 §206

212 1279 241 1348 εί
263 1281 323 1368 μὲν
346 1273 485 1370 εὖλόγεις
507 1272 620 1362 αὖτοὺς
641 1282 741 1372 μηδὲν
763 1272 911 1372 ἇκηκοώς
932 1283 995 1349 τῶν
1022 1282 1107 1368 ἐμῶν
1114 1334 1122 1366 ,
1155 1276 1276 1372 ἒλῆρεις
1296 1283 1357 1368 μὲν
1379 1271 1428 1364 ἶνίν,

211 1378 247 1453 οὗ
268 1381 331 1477 μὴν
354 1385 480 1453 ἐναντία
503 1412 537 1475 γε
559 1387 659 1475 λέγων
682 1385 815 1478 ἐφαίνου
838 1388 945 1476 σαυτῷ
967 1389 1035 1454 κτλ.

300 1496 444 1562 Pluribus
480 1497 604 1579 insuper
640 1497 909 1562 vehementissime
945 1497 1100 1560 invehitur
1137 1499 1238 1560 orator
1274 1497 1306 1560 in
1345 1516 1427 1561 eum.

210 1600 304 1665 Hune
332 1602 364 1664 in
392 1601 520 1665 modum
548 1602 580 1665 in
611 1603 771 1683 angustias
801 1602 944 1666 redactus
974 1604 1013 1667 ab
1036 1601 1170 1666 Isocrate
1199 1602 1368 1684 discipulus
1392 1621 1428 1666 ea

211 1724 290 1788 quae
313 1708 404 1770 antea
432 1706 508 1770 dixit
530 1708 574 1770 ita
597 1709 769 1771 commutat
795 1712 832 1771 ut
854 1708 894 1771 ad
916 1706 1088 1788 gymnasia,
1116 1707 1156 1770 ad
1179 1706 1428 1771 exereitatienem

209 1810 406 1887 fortitudinis,
435 1811 475 1874 ad
507 1811 707 1888 concordiam,
740 1811 779 1875 ad
811 1811 950 1876 studium
980 1811 1111 1894 denique
1133 1812 1176 1875 rei
1199 1812 1341 1876 militaris
1365 1813 1429 1875 sin-

210 1917 316 1997 gulare
340 1916 500 1980 referenda
524 1916 586 1980 sint
609 1915 643 1997 (ἓ
660 1917 724 1979 216
748 1935 793 1998 sq
817 1905 880 2000 ἐγὼ
903 1906 962 2002 γὰρ
986 1905 1153 2004 ἐλυπήθην
1174 1913 1234 2041 μὲν
1255 1907 1311 1979 τὸν
1331 1907 1429 2002 λόγον

209 2008 455 2106 ἀναγιγνώσκων
486 2042 546 2084 επι
574 2023 645 2096 τοῖς
673 2018 750 2106 περὶ
779 2015 1102 2145 Λακεδαιμονίων
1075 2018 1336 2107 ειρημένοις,ου
1363 2013 1427 2108 μὴν

212 2147 312 2202 ουτως
342 2113 386 2201 ιδς
424 2121 483 2188 επὶ
517 2121 563 2212 τῷ
594 2112 744 2212 μηδὲν
723 2127 887 2189 αντειπεῖν
917 2149 1000 2212 υπερ
1029 2113 1132 2189 αὗτων
1163 2116 1325 2190 δίνασθαι
1355 2129 1428 2204 τοῖς

211 2227 450 2315 γεγραμμένοις,
474 2224 662 2312 εἰθισμένος
689 2221 745 2294 τὸν
766 2217 863 2294 δίλλον
882 2253 994 2316 χρονον
1017 2227 1177 2295 ἐπαινεῖν·
1208 2253 1256 2307 εις
1277 2223 1429 2351 τοιαίτηη

211 2324 241 2399 δ
261 2325 404 2421 ἄπορίαν
424 2325 639 2413 καταστὰς
609 2357 714 2415 ειπον,
739 2325 819 2421 α’περ
842 2319 879 2420 ἦν
900 2325 1077 2414 λοιπόν(
1053 2359 1105 2414 ως,
1129 2329 1158 2400 εί
1181 2334 1237 2400 καὶ
1258 2333 1359 2423 μηδὲν
1381 2325 1427 2401 δι

210 2426 298 2519 δίλλο,
328 2430 383 2504 διὰ
412 2428 441 2525 γ’
466 2437 568 2504 ἐκεῖνο
590 2435 727 2517 δικαίως
756 2427 795 2504 δν
817 2427 927 2517 αὐτοῖς
948 2429 1091 2518 ἅπαντες
1111 2432 1203 2527 χάριν
1226 2436 1351 2523 ἐγοιμεν
1374 2431 1428 2505 ὅτι
1520 2509 1521 2516 ,

210 2547 281 2622 τοῖς
309 2541 496 2622 καλλίστοις
523 2541 587 2608 τῶν
611 2535 873 2632 ἐπιτηδευμάτων
894 2535 1050 2631 χρώμενοι
1071 2537 1285 2630 τυγχάνουσιν.
1326 2543 1427 2611 ταῦτα

210 2639 240 2714 δ’
272 2640 367 2713 εἶπον
398 2637 435 2712 οὗ
463 2640 547 2736 πρὸς
568 2641 624 2736 τὴν
652 2637 816 2732 εὗσέβειαν
840 2637 913 2713 οὐδὲ
936 2641 1019 2736 πρὸς
1044 2641 1101 2737 τὴν
1123 2642 1326 2738 δικαιοσύνην
1349 2638 1426 2715 οὐδὲ

210 2744 294 2840 πρὸς
323 2745 380 2841 τὴν
408 2744 561 2842 φρόνησιν
582 2742 797 2842 ἀποβλέψας,
829 2739 850 2818 ἃ
881 2745 920 2818 σὺ
953 2751 1102 2841 διῆλθες,
1137 2743 1219 2820 ἄλλα
1253 2747 1336 2842 πρὸς
1368 2747 1427 2842 τὴν

210 2845 347 2945 δίσκησιν
368 2854 425 2946 τῆς
446 2846 594 2945 ἇνδρείας
615 2857 671 2923 καὶ
694 2850 750 2948 την
772 2848 923 2941 ὁμόνοιαν
949 2858 1006 2923 καὶ
1029 2851 1169 2936 συνόλως
1191 2854 1248 2946 τὴν
1269 2858 1346 2946 περί
1367 2851 1425 2923 τὸν

210 2954 354 3045 πόλεμον
384 2960 582 3045 ἐπιμέλειαν,
613 2953 697 3050 ὅπερ
727 2953 869 3041 δίπαντες
898 2951 938 3028 δν
961 2961 1125 3028 ἐπαινοῖεν
1152 2953 1361 3047 καὶμάλισί
1385 2952 1425 3028 δν

212 3056 321 3145 αὐτοῖς
355 3064 493 3145 ἐκείνους
525 3065 669 3156 χρῆσθαι
698 3060 857 3156 φήσαιεν).
914 3072 1016 3151 Atque
1050 3071 1145 3135 etiam
1179 3073 1259 3135 hane
1293 3073 1423 3136 alteram

211 3174 351 3256 discipuli
388 3175 660 3240 eontradieiionem
697 3175 858 3239 abhorrere
892 3193 911 3238 a
948 3160 1018 3238 tetax
1049 3176 1249 3257 praecedente
1287 3178 1421 3240 oratione

208 3278 287 3343 laeta
324 3297 361 3342 ae
398 3279 523 3343 laudata
567 3281 606 3343 ab
644 3279 750 3344 eedem
792 3278 874 3342 unde
912 3283 1058 3361 appareat
1099 3279 1187 3344 affert
1224 3280 1422 3344 Lehmannus

211 3382 246 3465 ἓξ
273 3384 454 3447 151-156,
500 3385 583 3449 Dieit
604 3385 647 3448 ibi
669 3387 770 3448 orator
792 3384 868 3448 haee
890 3383 967 3449 fere:
994 3378 1056 3448 nen
1078 3386 1162 3466 prius
1186 3405 1265 3466 quae
1288 3385 1423 3450 actiones

210 3506 227 3551 e
256 3489 333 3552 beno
364 3489 495 3552 eivitatis
526 3491 610 3552 statu
639 3489 790 3571 profectae
822 3489 885 3552 sint
913 3507 946 3553 se
978 3507 1044 3553 esse
1074 3491 1298 3572 explicaturum
1328 3509 1424 3572 quam

209 3612 307 3676 panea
338 3595 379 3658 sit
406 3593 576 3676 praelatus;
612 3613 685 3658 nam
718 3594 760 3670 si,
784 3593 822 3658 iis
850 3594 998 3674 negleetis
1030 3595 1084 3677 qui
1109 3595 1185 3658 nihil
1214 3595 1298 3659 aliud
1328 3614 1424 3677 quam

300 3803 480 3857 ¹Afferuntur
502 3819 519 3857 a
544 3802 694 3856 Lehmanno
713 3818 737 3870 p.
757 3805 791 3856 59
809 3800 922 3856 Panath.
941 3803 974 3870 ἐξ
994 3802 1043 3858 117
1057 3819 1111 3871 sqq.
1136 3806 1163 3856 et
1189 3805 1253 3872 148,
1277 3803 1323 3857 ubi
1341 3804 1424 3858 Athe·

208 3889 337 3944 niensium
356 3907 410 3944 rem
428 3891 560 3959 publicam
578 3891 631 3944 iam
650 3889 699 3942 sub
718 3889 822 3957 regibus
847 3893 875 3946 et
896 3893 985 3956 postea
1009 3905 1056 3958 per
1074 3890 1146 3943 mille
1163 3907 1245 3944 annos
1263 3891 1322 3944 inde
1341 3891 1374 3945 ab
1392 3909 1423 3945 ee

207 3981 323 4046 tempore
347 3994 397 4047 quo
421 3977 558 4046 imperium
582 3977 706 4046 populare
731 3992 871 4044 paucorum
895 3978 1024 4044 potestate
1047 3980 1221 4044 temperatum
1245 3976 1423 4048 (δημοκρατία

208 4058 400 4135 ἀριστοκρατία
419 4063 450 4118 δι’
465 4071 592 4136 χρωμένη
611 4065 627 4132 ξ
648 4064 708 4131 131)
729 4063 766 4116 ibi
785 4065 821 4117 sit
838 4064 1010 4118 constitutum
1035 4080 1116 4132 nsque
1134 4065 1168 4118 ad
1186 4065 1305 4119 Solonem
1325 4067 1424 4133 optime

209 4152 419 4207 administratam
437 4169 492 4208 esse
510 4155 661 4221 exponatur.
