3102 4696
808 175 892 236 54

202 387 270 452 aliis
300 386 593 462 demonstraverint,
624 386 650 449 si
679 386 803 468 quidem
834 386 995 451 credamus
1024 387 1122 449 totam
1153 403 1232 468 quae
1258 385 1421 449 antecedat

202 494 371 558 orationem
395 493 435 556 ah
451 493 557 556 eodem
573 511 639 556 esse
655 492 829 574 probatam;
852 509 888 555 ea
910 491 992 554 enim
1016 509 1094 572 quae
1115 491 1229 554 obiciat
1252 490 1420 572 discipulus

203 601 242 664 ab
265 599 398 663 Isocrate
421 599 456 661 in
477 599 576 662 altera
604 599 748 662 orationis
770 600 866 680 parte,
888 597 942 661 nbi
965 594 1002 661 de
1025 596 1117 660 rebus
1145 597 1276 678 publicis
1300 599 1420 678 agatur,

201 706 266 769 iam
297 723 364 769 esse
393 705 541 785 occupata
552 708 572 768 1.
635 703 723 782 Quod
758 704 854 784 igitur
884 705 947 766 tres
971 701 1193 766 Panathenaici
1222 685 1325 784 partes
1353 721 1422 784 pro-

203 811 348 886 oemium,
378 810 456 873 duae
486 809 635 874 crationes
666 810 703 873 de
726 808 961 873 Atheniensium
989 810 1020 871 et
1043 806 1265 889 Spartanorum
1287 807 1420 886 civitate,

204 915 424 998 disputationes
439 915 606 979 Isocratem
626 915 706 978 inter
721 917 752 980 et
766 914 950 996 discipulum
969 913 1093 977 habitae
1115 913 1265 994 quomodo
1279 913 1422 996 probabi-

203 1022 273 1084 liter
286 1021 468 1085 cohaereant
479 1020 559 1084 inter
571 1039 603 1084 se
615 1038 631 1083 e
643 1019 869 1083 Panathenaico
881 1019 946 1102 ipso
959 1019 1099 1100 cognosci
1110 1021 1253 1101 nequeat,
1266 1038 1299 1083 eo
1315 1019 1421 1084 contir-

202 1127 249 1206 git
259 1128 295 1189 ut
307 1127 392 1190 extra
403 1125 571 1188 orationem
583 1125 697 1206 aliquid
713 1124 922 1206 quaerendum
938 1143 1004 1189 esse
1017 1126 1136 1189 statuat
1151 1143 1211 1206 quo
1223 1143 1259 1188 ea
1275 1143 1354 1206 quae
1369 1125 1421 1190 de-

203 1231 376 1295 siderentur
386 1231 418 1294 in
431 1230 659 1294 Panathenaico
671 1230 846 1320 explicando
857 1229 946 1294 facile
962 1230 1123 1295 addantur.
1163 1229 1251 1309 Quod
1267 1249 1303 1294 ex
1318 1230 1419 1294 libello

204 1337 241 1400 de
256 1335 423 1418 republica
436 1335 746 1399 Lacedaemoniorum
761 1335 826 1400 lieri
841 1335 1005 1411 contendit,
1021 1354 1113 1417 quem
1125 1355 1144 1400 a
1155 1335 1355 1418 Xenophonte
1367 1336 1421 1398 ab·

202 1442 403 1506 iudicandum
415 1443 446 1506 et
458 1443 496 1505 ab
509 1441 616 1506 eodem
627 1441 771 1506 Isocratis
783 1441 930 1524 discipulo
942 1442 995 1523 qui
1006 1441 1099 1505 verba
1110 1441 1205 1506 faeiat
1219 1441 1252 1504 in
1267 1442 1420 1506 Panathe-

203 1547 289 1611 naico
305 1546 478 1612 confectum
499 1566 565 1611 esse
587 1547 737 1629 opinatur.
782 1547 850 1611 Hac
873 1547 956 1611 enim
978 1546 1094 1610 ratione
1116 1547 1211 1611 etiam
1234 1565 1270 1610 ea
1293 1546 1419 1628 quaein

203 1653 254 1716 illo
275 1653 378 1717 libello
394 1652 465 1716 viris
488 1653 585 1716 doctis
601 1652 756 1717 offensioni
778 1652 848 1728 sint,
865 1651 1026 1734 praecipue
1042 1671 1176 1733 quonam
1190 1652 1310 1717 vinculo
1326 1655 1420 1735 caput

204 1758 278 1822 XIV
309 1776 381 1821 eum
408 1759 550 1823 universo
574 1777 662 1840 opere
685 1759 884 1833 contineatur,
907 1757 1155 1821 commodissime
1178 1757 1322 1840 explicari
1344 1757 1420 1822 Leh-

205 1882 340 1926 mannus
356 1863 563 1928 demonstrare
580 1863 693 1928 studet.
725 1864 773 1927 Ad
784 1881 880 1946 quam
892 1881 957 1928 rem
969 1866 1121 1945 quantum
1132 1863 1291 1944 profecerit
1302 1863 1352 1926 ille
1365 1881 1419 1926 suo

201 1971 266 2033 loco
279 1987 435 2051 exponam.
468 1969 560 2034 Nunc
572 1988 641 2034 vero
654 1969 826 2034 accuratius
838 1967 998 2034 videamus
1010 1968 1272 2050 quemadmodum
1283 1968 1420 2050 partium

203 2074 423 2139 Panathenaici
461 2094 610 2140 conexum
644 2075 817 2140 coniectura
854 2094 912 2139 sua
950 2074 1135 2157 expedivisse
1174 2074 1232 2137 sibi
1269 2072 1418 2138 videatur.

202 2180 391 2244 Persuadere
425 2180 520 2260 igitur
553 2181 640 2244 nobis
674 2181 779 2246 studet
806 2185 837 2245 61
864 2180 1084 2245 Ρ61161116116161
1110 2180 1188 2244 duas
1222 2182 1325 2262 partes
1353 2180 1420 2262 qui·

202 2286 260 2348 bus
287 2285 522 2350 Atheniensium
549 2285 832 2368 Spartanorumque
862 2305 962 2350 mores
993 2285 1199 2368 ponderentur
1225 2288 1257 2350 et
1278 2285 1417 2349 libellum

203 2390 240 2454 de
262 2409 296 2454 16
318 2391 438 2472 publica
460 2391 772 2455 Lacedaemoniorum
801 2392 1008 2474 conscriptum
1037 2391 1115 2455 nihil
1148 2411 1215 2456 esse
1237 2391 1297 2454 nisi
1319 2391 1420 2455 decla·

202 2495 353 2560 mationes
382 2515 416 2560 66
445 2497 581 2579 tempore
611 2516 670 2577 quo
693 2497 837 2560 Isocratis
860 2496 1001 2578 discipuli
1030 2497 1063 2559 in
1085 2496 1212 2561 dicendo
1240 2515 1273 2561 66
1296 2515 1419 2562 6161611-

203 2602 283 2666 erint
306 2601 468 2666 confectas.
517 2602 563 2666 Ac
591 2603 727 2684 primum
757 2602 881 2684 quidem
912 2604 1032 2684 partem
1054 2602 1141 2665 illam
1164 2621 1226 2684 qua
1250 2601 1418 2684 Spartanos

202 2707 341 2770 omnium
373 2705 581 2788 iniquissimos
611 2727 643 2772 se
674 2707 782 2772 ceteris
817 2706 942 2772 Graecis
974 2707 1153 2789 praebuisse
1180 2708 1345 2772 doceamur
1378 2709 1417 2772 ab

202 2813 337 2877 Isocrate
360 2831 427 2877 esse
450 2813 610 2894 scriptam3
633 2832 652 2876 a
675 2813 786 2894 quibus
804 2812 986 2877 criminibus
1008 2815 1045 2876 ut
1066 2813 1135 2877 illos
1157 2812 1340 2888 defenderet,
1356 2813 1418 2876 dis-

202 2918 340 3000 cipulum
363 2919 517 3000 quendam
532 2919 671 2982 libellum
685 2919 777 2982 illum
791 2936 851 3000 quc
866 2917 904 2982 de
920 2917 1229 2982 Lacedaemoniorum
1246 2937 1279 2982 re
1294 2918 1418 2999 publica

202 3025 312 3102 agatur
334 3023 443 3088 deinde
466 3023 605 3093 edidisse.
650 3023 779 3106 Iamque
795 3023 963 3088 Isocratem
985 3042 1057 3088 cum
1077 3025 1269 3105 praesentem
1291 3023 1417 3087 meliora

203 3127 341 3192 docuisse
363 3128 557 3210 discipulum,
587 3130 668 3211 quod
690 3128 809 3193 factum
838 3148 905 3194 esse
935 3128 1031 3211 priore
1054 3128 1260 3210 disputatione
1282 3129 1315 3192 in
1337 3129 1418 3192 Pan-

203 3233 361 3297 athenaico
392 3235 527 3309 narrata,
557 3236 626 3297 tum
655 3235 784 3298 alteram
814 3253 889 3298 suae
919 3233 1061 3298 orationis
1084 3236 1213 3315 partem,
1241 3253 1303 3316 qua
1325 3234 1416 3297 rebus

201 3338 331 3420 publicis
353 3339 587 3403 Atheniensium
611 3342 641 3404 et
663 3339 974 3404 Lacedaemoniorum
995 3339 1076 3404 inter
1098 3358 1130 3403 se
1154 3339 1338 3421 comparatis
1355 3339 1418 3404 dis-

201 3444 294 3526 cipuli
316 3445 469 3509 sententia
492 3444 700 3526 corrigeretur,
724 3445 814 3527 priori
838 3445 999 3509 addidisse.
1045 3444 1231 3510 1161611166
1254 3445 1365 3509 habere
1381 3448 1417 3508 ut

201 3551 423 3632 comprobetur,
447 3551 618 3632 complures
633 3551 715 3614 locos
738 3549 826 3614 affert
841 3569 857 3614 e
872 3550 1099 3614 Panathenaico
1122 3569 1198 3633 quos
1222 3550 1262 3613 ad
1276 3550 1416 3614 libellum

199 3655 288 3719 illum
310 3655 389 3719 falso
411 3655 606 3738 Xenophonti
629 3655 814 3720 attributum
838 3655 988 3737 pertinere
1010 3657 1109 3737 putat.
1154 3656 1201 3719 De
1223 3655 1353 3735 singulis
1369 3650 1417 3719 ar-

201 3761 356 3840 gumentis
379 3762 418 3826 ab
441 3781 476 3827 eo
500 3763 612 3838 allatis,
636 3761 710 3843 quid
732 3762 854 3825 valeant
869 3764 1082 3842 quantumque
1097 3761 1135 3824 iis
1159 3760 1301 3824 assentiri
1317 3761 1415 3837 liceat,

201 3885 274 3930 cum
288 3867 415 3946 longum
430 3867 471 3931 sit
486 3867 697 3948 quaestionem
712 3866 880 3943 instituere,
896 3884 950 3948 per
964 3866 1156 3930 occasionem
1179 3865 1216 3930 de
1230 3865 1268 3930 iis
1284 3865 1416 3930 strictim

199 3970 351 4035 iudicium
381 3972 490 4037 tulisse
521 3973 596 4037 satis
626 3973 754 4038 habebo.
811 3973 857 4036 Ac
886 3972 1021 4054 primum
1049 3971 1173 4052 quidem
1207 3971 1244 4035 de
1272 3971 1416 4035 universa

201 4077 353 4141 sententia
382 4077 447 4142 eius
477 4078 593 4161 aliquid
621 4078 760 4143 dicturus
789 4096 869 4142 sum.
921 4076 1007 4156 Quae
1030 4079 1111 4141 stare
1141 4095 1202 4140 non
1224 4079 1333 4158 potest,
1355 4076 1415 4140 nisi

291 4255 300 4286 ¹
320 4251 350 4306 L.
368 4268 390 4306 c.
408 4268 433 4320 p.
452 4255 485 4308 58
498 4267 553 4320 sqq.
