3102 4696
665 169 874 308 gn,-

164 417 235 492 sed,
264 436 336 480 cum
367 418 586 499 frequentiores
616 419 829 484 convenissent
859 420 1002 484 audiendi
1031 419 1174 496 studiosi,
1204 420 1376 484 consedisse

163 522 263 604 (Diog.
292 523 325 586 L.
349 523 434 599 u‚3
465 513 579 609 ἐπειδὴ
609 520 646 587 δέ
674 520 806 600 πλείους
829 521 988 610 ἐγένοντο,
1023 510 1083 610 λῖδη
1111 523 1169 587 καὶ
1197 513 1376 610 ἐκόθισεν).

163 630 266 709 Atque
287 631 325 692 nt
346 630 431 693 locus
455 649 514 712 quo
537 630 715 694 convenisse
744 631 874 711 legimus
898 630 1042 695 isocratis
1070 631 1305 706 obtrectatores
1332 631 1377 694 ita

163 752 242 814 qnae
271 734 308 799 de
339 735 559 800 consuetudine
588 754 624 799 ac
653 736 791 800 doctrina
820 737 986 800 eorundem
1024 738 1130 800 notata
1165 739 1239 800 sunt
1273 739 1376 819 aperte

163 838 278 903 cadunt
307 840 340 903 in
362 841 567 905 Aristotelem.
613 841 754 905 Primum
782 843 877 922 igitur
906 842 943 906 da
973 842 1115 906 universo
1137 860 1247 922 genere
1271 861 1376 907 corum

162 945 233 1009 inde
257 945 338 1027 qnod
361 946 558 1011 nominantur
581 947 749 1028 sophistae,
773 947 811 1011 de
834 948 921 1011 cuius
943 948 1079 1011 nominis
1103 948 1251 1028 singulari
1280 967 1375 1029 quam

163 1049 245 1131 apud
261 1049 429 1114 Isocratem
452 1051 579 1116 haberet
602 1053 822 1132 significatione
845 1072 937 1135 supra
961 1055 1007 1116 est
1030 1053 1158 1129 dictum,
1181 1054 1375 1135 maximeque

163 1155 243 1237 qnod
277 1158 380 1220 omnia
414 1175 446 1220 se
480 1157 556 1222 scire
590 1176 640 1221 eos
674 1157 848 1240 praedicare
882 1161 1141 1222 commemoratur
1175 1159 1205 1241 (ξ,
1237 1159 1277 1221 18
1319 1155 1375 1221 καὶ

162 1250 298 1323 πάντα
321 1252 564 1346 φασκόντων
585 1257 777 1345 εἰδέναι),
800 1264 902 1344 colligi
924 1264 996 1327 licet
1018 1282 1068 1328 eos
1092 1282 1158 1328 esse
1173 1265 1374 1346 philosophos.

161 1366 248 1430 Talia
277 1367 359 1431 enim
398 1369 511 1432 iactare
546 1370 684 1433 solebant
718 1371 906 1452 philosophi,
944 1370 1156 1452 imprimisque
1186 1370 1375 1446 Aristoteles,

162 1491 234 1535 cum
256 1473 445 1556 philosophia
467 1474 499 1537 in
521 1475 691 1555 cognitione
715 1493 826 1539 causac
848 1475 966 1557 primae
989 1479 1020 1538 et
1042 1475 1176 1539 maxime
1195 1476 1374 1540 universalis

161 1583 345 1655 versaretur,
368 1599 384 1643 e
408 1599 469 1661 qua
492 1581 630 1644 omnium
652 1599 756 1645 rerum
780 1581 908 1645 scientia
930 1580 1124 1656 redundaret,
1148 1581 1293 1644 scientiae
1309 1582 1375 1645 eius

162 1684 314 1748 studiosos
337 1685 440 1749 omnia
468 1686 545 1749 scire
574 1686 772 1768 praedicabat
795 1686 942 1768 (Metaph.
967 1685 1038 1762 12,
1063 1686 1126 1749 982
1151 1705 1169 1749 a
1192 1686 1232 1748 21
1257 1675 1377 1766 τὸμὲν

162 1780 271 1852 πάντα
300 1784 507 1853 ἐπίστασθαι
536 1786 583 1877 τῷ
611 1781 754 1873 μάλιστα
786 1785 889 1870 ἔχοντι
925 1781 981 1877 τὴν
1014 1780 1161 1854 καθόλου
1195 1781 1376 1876 ἐπιστήμην

161 1878 335 1978 όναμκαῖον
357 1883 519 1982 όπόρχειν.
571 1876 664 1972 οὗτος
685 1887 744 1981 γὰρ
773 1886 844 1960 οἶδέ
871 1909 945 1972 πως
967 1885 1076 1959 πάντα
1105 1885 1146 1958 τὰ
1168 1883 1375 1978 ὑποκείμενα.

161 2000 233 2063 ibid.
256 2000 351 2077 IV2,
370 2003 454 2065 1004
474 2003 550 2066 aaa
580 1996 649 2066 ἐστι
672 1999 729 2065 τοῶ
752 1992 935 2089 φιλοσόφου
958 2000 1035 2088 περὶ
1058 1992 1190 2064 πόντων
1212 1990 1377 2065 δόνασθαι

161 2107 321 2191 θεωρεῖν).
372 2107 489 2172 Deinde
517 2108 685 2190 philosophi
717 2107 882 2188 Stagirites
910 2109 1030 2189 propria
1059 2107 1155 2171 trisse
1184 2111 1376 2189 compertum

161 2212 313 2276 habemus
342 2231 414 2276 cum
445 2214 575 2277 aliorum
605 2215 766 2297 poetamm
794 2216 863 2277 turn
892 2214 1019 2278 Homeri
1056 2214 1230 2276 carminum
1264 2213 1375 2289 studia,

161 2317 273 2398 quibus
304 2317 421 2382 deditos
450 2318 544 2384 fuisse
572 2319 704 2400 legimus
737 2320 888 2400 sophistas
920 2319 987 2382 illos
1015 2318 1047 2381 in
1070 2318 1168 2400 Lyceo
1191 2318 1375 2383 disserentes

162 2423 192 2504 (ᾖ
218 2425 257 2486 18
290 2416 400 2508 ἐλεμον
426 2412 471 2500 ῶς
501 2472 508 2487 .
533 2472 541 2488 .
567 2473 573 2487 .
599 2472 608 2488 .
638 2422 897 2507 διαλέγοιντο
931 2419 1029 2508 περό
1061 2445 1103 2486 τε
1136 2418 1211 2485 τῶν
1245 2409 1377 2486 όλλων

160 2525 345 2613 ποιητῶν
367 2527 436 2592 καὶ
458 2525 525 2614 τῆς
545 2518 739 2593 Ἡσιόδου
767 2527 837 2591 καὶ
865 2525 936 2614 της
957 2518 1123 2614 Ὀμήρου
1150 2519 1375 2614 ποιήσεως,

162 2621 253 2697 οόδέν
280 2630 340 2714 μὲν
362 2621 440 2719 παρ’
465 2623 567 2698 αότῶν
588 2631 747 2719 λέγοντες,
779 2624 820 2697 τὰ
848 2621 877 2697 δ
909 2628 1039 2697 ἐκείνων
1071 2630 1297 2720 ῥαψῳδοῦντος
1319 2633 1377 2697 καὶ

160 2736 225 2802 τῶν
247 2729 402 2824 πρότερον
424 2725 534 2816 όλλοις
555 2739 642 2803 τισὶν
660 2733 831 2826 εἰρημένων
845 2729 885 2803 τό
900 2737 1095 2825 χαριέστατα
1109 2730 1376 2825 μνημονεύοντες).

160 2845 347 2910 Testimonio
378 2848 483 2910 autem
513 2849 586 2910 sunt
616 2848 647 2910 et
676 2865 725 2910 ars
756 2847 822 2910 eius
853 2864 931 2928 quae
959 2846 998 2909 ad
1020 2865 1076 2909 nos
1099 2847 1237 2927 pervenit
1257 2847 1376 2929 poetica

160 2954 191 3016 et
213 2951 251 3014 de
273 2951 369 3033 poetis
400 2951 470 3014 libri
500 2954 562 3016 tres
592 2971 610 3015 a
638 2952 772 3032 Diogene
805 2951 924 3016 Laertio
953 2951 1185 3014 commemorati
1217 2950 1319 3033 (Diog.
1343 2951 1376 3015 L.

160 3057 188 3118 V
211 3058 252 3119 22
276 3054 353 3140 περὶ
376 3053 521 3142 ποιητῶν
543 3047 572 3118 α’
596 3046 627 3138 μ’
653 3047 694 3140 γ’)
719 3076 775 3120 nec
798 3075 858 3120 non
880 3056 1015 3120 recensio
1039 3056 1144 3120 Iliadis
1168 3074 1248 3138 quae
1269 3060 1376 3139 postea

159 3149 179 3247 ἡ
208 3157 246 3224 ἐκ
272 3157 330 3224 τοῦ
358 3150 521 3247 νάρθηκος
550 3162 769 3227 nominabatur
806 3163 845 3225 ab
875 3180 910 3225 eo
945 3164 1121 3242 comparata
1131 3165 1152 3224 ¹.
1215 3161 1378 3226 Piaeterea

159 3267 302 3330 facillime
324 3269 425 3348 potest
447 3267 651 3331 demonstrari
673 3267 806 3330 maxime
834 3269 1072 3330 consentaneam
1095 3266 1267 3331 Aristotelis
1290 3286 1376 3348 prae-

160 3373 255 3454 ceptis
279 3391 345 3436 esse
369 3373 553 3437 sententiam
576 3373 613 3437 de
635 3391 748 3454 magno
764 3371 904 3436 videlicet
925 3374 1086 3454 poetarum
1109 3373 1148 3436 ad
1171 3372 1374 3436 eruditionem

159 3496 219 3540 usu
249 3497 344 3560 quam
373 3478 487 3542 habere
517 3478 637 3542 videtur
671 3478 806 3560 sophista
838 3478 890 3540 ille
922 3477 1147 3542 audacissimus
1177 3478 1229 3558 qui
1265 3479 1376 3558 arguat

159 3583 310 3665 repudiari
344 3585 384 3648 ab
418 3583 551 3648 Isocrate
586 3602 659 3647 cum
692 3601 797 3647 omncs
832 3583 962 3646 aliorum
995 3583 1171 3665 disciplinas
1205 3585 1273 3645 tum
1302 3601 1374 3647 eam

160 3688 372 3753 educationem
395 3708 474 3771 quae
497 3689 608 3753 studiis
631 3707 759 3771 operum
781 3689 907 3753 Homeri
930 3690 962 3752 et
984 3687 1110 3752 Hesiodi
1132 3687 1251 3752 nitatur
1274 3687 1303 3769 (ξ
1334 3689 1373 3750 19

160 3780 410 3876 ἀποδεξαμένων
438 3790 475 3858 δέ
502 3790 566 3857 τῶν
594 3784 819 3879 περιεστώτων
840 3783 896 3877 τὴν
918 3783 1086 3878 διατριβὴν
1118 3779 1221 3855 αότῶν
1244 3787 1299 3855 ἕνα
1321 3783 1377 3855 τὸν

159 3890 396 3986 τολμηρότατον
418 3894 621 3986 ἐπιχειρῆσαό
647 3922 688 3981 με
711 3890 904 3982 διαβάλλειν,
934 3885 1063 3983 λέγονθ’
1088 3885 1132 3974 ῶς
1158 3888 1222 3982 ἐμῶ
1245 3887 1377 3960 πάντων

160 4002 353 4092 καταφρονῶ
389 4001 453 4068 τῶν
488 3995 643 4069 τοιοότων
685 4006 763 4088 [scil.
801 4000 865 4067 τῶν
902 3989 1006 4066 όλλων
1042 3999 1189 4090 ποιητῶν
1225 4000 1282 4065 καὶ
1318 3999 1376 4088 τῆς

252 4237 261 4267 ¹
280 4231 340 4287 vid.
359 4233 446 4287 Wolfii
465 4233 587 4303 Prolegg.
606 4250 631 4302 p.
652 4233 710 4288 183.
