3102 4696
481 1140 899 1284 ‘VITA.

203 1441 321 1544 Natus
351 1497 419 1542 sum
443 1478 632 1542 Hemieus
660 1478 771 1540 Petrus
795 1478 925 1542 Ioannes
949 1477 1072 1540 Brand
1095 1473 1264 1552 Crueinaei,
1298 1474 1331 1538 in

21 1622 24 1646 -‘
113 1602 188 1678 urbe
211 1604 249 1666 ad
272 1603 396 1667 Navam
419 1603 488 1680 sila,
510 1603 610 1666 Nonis
633 1601 756 1666 Martiis
779 1619 806 1665 a.
826 1601 856 1665 h.
873 1621 896 1664 s.
920 1600 1024 1665 LXIII
1046 1603 1134 1682 patre
1156 1599 1331 1680 Iosepho‚

21 1737 23 1745 ’
112 1730 212 1790 matre
246 1726 351 1790 Elisa
381 1747 397 1790 e
425 1729 516 1809 gente
546 1727 771 1809 Weingarlh.
829 1725 1005 1790 Patrimum
1039 1744 1088 1788 me
1123 1744 1188 1788 esse
1221 1722 1330 1787 matri-

21 1827 22 1832 *
113 1870 260 1932 mumque
283 1850 416 1914 maxime
439 1852 566 1933 gaudeo.
602 1851 792 1914 Litterarum
815 1850 913 1914 initiis
936 1849 1073 1913 imbutus
1096 1848 1167 1912 inde
1190 1847 1228 1912 ab
1251 1865 1330 1911 anno

111 1974 141 2038 h.
171 1995 194 2038 s,
223 1974 338 2039 LXXV
367 1975 523 2058 gymnasii
553 1976 805 2041 Monasteriensis
835 1995 889 2057 per
923 1977 1040 2057 septem
1071 1991 1166 2038 annos
1205 1971 1250 2037 fui
1283 1972 1331 2036 di-

113 2099 258 2181 soipulus.
291 2101 484 2165 Maturilalis
504 2102 584 2183 quod
601 2104 713 2165 vooant
732 2100 944 2164 testimonium
964 2101 1121 2164 assecutus
1141 2097 1330 2164 eoademiam

113 2223 230 2306 regiam
261 2225 537 2288 Monasleriensem
565 2225 635 2301 adii,
664 2224 717 2288 ubi
746 2243 800 2306 per
828 2223 923 2287 oeties
954 2241 1042 2288 senos
1071 2242 1192 2287 menses
1221 2222 1331 2286 studiis

112 2347 307 2430 philologieis
336 2347 476 2411 addictus
505 2348 647 2412 docentes
671 2348 774 2412 audivi
798 2348 863 2413 VV.
887 2349 956 2412 DD.
986 2345 1137 2425 Storek,
1167 2346 1333 2429 Langen,

113 2469 233 2548 stabi,
274 2469 442 2552 Spieker,
482 2471 628 2549 Jaoobi‚
668 2471 930 2536 Milehhoefer.
995 2472 1055 2535 Per
1095 2473 1203 2551 quater
1243 2489 1332 2534 senos

112 2613 232 2659 menses
270 2595 427 2660 seminarii
461 2595 642 2680 philologici
676 2597 753 2681 regii
787 2595 1057 2674 MonasteriensiS,
1096 2595 1183 2658 euius
1217 2595 1331 2658 exerei-

111 2719 244 2782 tationes
267 2719 333 2783 VV.
357 2719 415 2784 OC.
439 2721 590 2803 Langen
619 2723 649 2785 et
677 2719 786 2786 Slahl
808 2722 1014 2798 moderantur,
1045 2720 1158 2784 sodalis
1180 2719 1225 2782 fui
1248 2719 1331 2783 ordi·

112 2841 225 2906 narius.
276 2841 426 2920 Omnibus
460 2843 512 2925 qui
544 2863 594 2908 me
623 2846 800 2924 docuerunt,
829 2845 983 2927 imprimis
1013 2844 1080 2909 VV.
1109 2846 1177 2908 DD.
1207 2842 1331 2921 saell,

112 2966 277 3049 Langen,
300 2965 445 3046 semol,
469 2968 521 3051 qui
545 2967 653 3032 eximie
676 2969 713 3032 de
736 2988 786 3033 me
808 2969 912 3033 meriti
935 2971 1016 3047 sunl,
1039 2968 1156 3052 gratias
1176 2986 1234 3052 ago
1255 2986 1330 3050 quas

24 3171 27 3186 .
112 3088 206 3152 debeo
230 3091 390 3156 maximas.
