3102 4696
653 123 863 220 Α...

147 327 201 390 illa
223 331 389 409 potnerunt
411 331 574 410 quominus
597 332 776 415 oppidorum
804 332 888 397 eliud
917 335 985 414 post
1016 333 1101 396 aliud
1128 333 1160 395 in
1182 332 1368 399 deditionem

148 433 341 508 concederet,
374 438 406 498 et
435 434 648 516 Olynthiorum
676 438 698 500 ii
726 439 780 519 qni
802 441 904 520 partos
933 438 1014 518 regis
1038 438 1259 519 sequebantur,
1283 441 1369 502 ante·

150 556 246 617 quam
277 538 385 602 classis
407 541 641 606 Atheniensium
670 544 789 625 impetu
811 546 973 607 ventorum
996 545 1070 606 tunc
1092 545 1196 626 ipsum
1219 544 1367 626 impedita

150 643 261 706 auxilio
285 645 387 710 venire
409 650 520 727 posset,
543 648 652 712 urbem
675 649 873 730 prodiderunt
883 653 903 712 ¹.

238 783 385 866 Sequitur
407 788 443 849 ut
464 787 503 851 de
526 787 667 870 discipuli
690 789 925 854 contradictione
951 789 1100 852 iudicium
1130 789 1260 865 foratur,
1289 809 1367 870 quae

149 907 221 951 oum
244 891 413 955 orationem
436 893 551 956 mirum
574 893 607 956 in
630 894 756 958 modurn
779 895 1006 975 interpretetur,
1021 894 1104 957 hand
1127 912 1255 976 parvam
1277 895 1365 957 nobis

150 993 238 1058 affert
261 995 483 1061 difficultatem.
528 1001 573 1062 Ac
600 999 735 1081 primum
764 999 888 1081 quidem
916 999 1029 1082 aliquid
1059 999 1223 1063 dicendum
1247 999 1367 1063 videtur

149 1098 186 1162 dc
220 1100 258 1163 iis
292 1120 370 1182 quae
404 1103 607 1183 praecedunt,
642 1105 753 1185 quibus
788 1106 950 1186 tamquam
988 1123 1225 1186 praemonemur
1258 1105 1296 1168 de
1331 1115 1367 1168 ee

149 1205 393 1270 contradictione.
438 1207 544 1272 Tradit
566 1209 660 1289 igitur
687 1208 785 1291 §200
810 1229 874 1291 sqq.
898 1214 998 1274 orator
1028 1210 1190 1274 correxisse
1214 1228 1279 1273 sese
1301 1227 1368 1272 ora·

149 1310 266 1374 tionem
295 1329 368 1374 cum
397 1312 554 1395 discipulis
583 1314 783 1395 quibusdam;
813 1316 894 1396 quod
924 1333 995 1378 oum
1025 1315 1149 1379 fecisset
1178 1333 1276 1396 neque
1303 1316 1367 1378 iam

150 1416 322 1497 quidquam
343 1418 468 1499 reperiri
496 1423 599 1500 posset
628 1438 687 1500 quo
710 1419 948 1495 offenderentur,
977 1420 1140 1483 consilium
1169 1420 1226 1483 sibi
1256 1423 1367 1483 natum

150 1540 218 1585 csse
241 1521 381 1604 discipuli
403 1523 575 1600 cuiusdam,
599 1524 652 1606 qui
674 1525 707 1587 in
728 1525 897 1605 oligarchia
919 1528 1060 1589 versatus
1087 1525 1131 1588 ita
1161 1525 1262 1588 animo
1286 1527 1367 1588 esset

150 1627 278 1691 affectus
304 1630 337 1690 ut
357 1632 503 1710 perpetuo
526 1628 666 1693 laudaret
681 1630 944 1706 Lacedaemonios
968 1629 1152 1704 annemundi,
1175 1633 1219 1705 ut,
1244 1630 1270 1693 si
1293 1630 1368 1711 quid

151 1731 229 1796 falso
253 1732 371 1796 dictum
394 1753 426 1798 se
449 1733 619 1810 fefellisset,
649 1734 700 1799 ille
729 1734 896 1809 indicaret3
927 1738 958 1799 et
986 1753 1058 1798 eum
1080 1738 1225 1799 vocatum
1247 1735 1365 1798 venisse

152 1840 185 1901 et
213 1839 326 1902 lectam
356 1839 524 1903 orationem
553 1841 713 1921 probasse3
748 1843 886 1904 attamen
915 1859 986 1903 mor
1019 1841 1196 1922 apparuisse
1228 1858 1300 1904 eum
1328 1840 1366 1902 iis

152 1943 292 2024 quaeda
322 1943 570 2009 Lacedaemoniis
600 1947 704 2009 assant
734 1945 816 2008 dicta
846 1964 906 2008 non
928 1964 1052 2027 prorsus
1082 1964 1148 2009 esse
1179 1947 1365 2020 contentum,

152 2067 225 2112 oum
248 2067 343 2112 ausus
366 2052 447 2114 esset
469 2049 578 2125 dicere,
602 2051 628 2113 si
651 2050 738 2113 nulla
762 2050 821 2113 alia
844 2069 885 2126 re,
901 2053 934 2114 at
957 2069 991 2114 eo
1014 2051 1128 2132 optime
1149 2050 1275 2113 meritos
1299 2069 1365 2114 esse

152 2153 407 2218 Lacedaemonios
430 2154 468 2219 de
491 2155 600 2219 ceteris
624 2155 749 2219 Graecis
773 2155 854 2236 quod
882 2156 1088 2237 pulcherrima
1116 2155 1261 2218 inst'tuta
1283 2156 1367 2218 inve-

151 2260 271 2323 nissent
291 2263 322 2324 et
343 2261 420 2324 alios
444 2259 627 2324 docuissent.
667 2260 756 2324 Hanc
777 2260 871 2324 luisse
895 2279 1022 2324 causam
1044 2279 1100 2323 cur
1121 2260 1233 2324 acriter
1248 2261 1370 2342 impug-

152 2364 253 2428 nando
276 2383 312 2428 ao
334 2364 498 2429 refellendo
521 2364 706 2447 discipulum
728 2367 939 2430 obmutescere
962 2366 1119 2446 coegisset.

241 2506 286 2569 Ac
308 2505 444 2587 primum
468 2505 591 2586 quidem
613 2506 663 2569 hic
685 2506 763 2569 ratio
786 2504 928 2569 habenda
950 2505 1026 2567 mihi
1048 2504 1168 2568 videtur
1196 2523 1263 2569 esse
1293 2505 1371 2569 Leh-

151 2611 260 2675 manni
284 2611 467 2686 sententiae,
492 2611 546 2692 qui
571 2629 606 2675 eo
629 2610 710 2691 quod
733 2610 900 2692 discipulus
924 2613 988 2673 tota
1010 2610 1144 2674 oratione
1166 2611 1293 2692 probata
1311 2611 1369 2674 La·

151 2715 417 2780 cedaemoniorum
439 2705 679 2801 ἐπιτηδεύματα
702 2716 844 2779 laudasse
863 2717 1007 2779 narratur
1023 2714 1155 2779 offensus
1173 2733 1369 2796 progressum

151 2819 296 2884 orationis
313 2822 435 2902 qualem
457 2840 539 2884 nuno
559 2821 730 2884 habeamus
746 2838 765 2883 a
780 2838 856 2883 sana
871 2820 988 2884 ratione
1004 2820 1165 2884 abhorrere
1180 2819 1337 2883 contendit
1346 2820 1369 2882 ².

150 2927 246 2990 Putat
268 2927 358 3003 enim,
382 2946 454 2990 cnm
477 2945 513 2990 aa
536 2945 615 3007 qnae
636 2925 839 3007 reprehendat
862 2924 1029 3006 discipulus
1053 2925 1092 2988 ab
1115 2925 1248 2988 Isocrate
1275 2925 1307 2987 in
1330 2942 1367 2988 ca

150 3032 293 3098 orationis
316 3034 402 3114 parte
423 3032 478 3094 nbi
499 3031 536 3095 de
556 3031 648 3094 rebus
670 3030 801 3112 publicis
817 3031 928 3108 agatur
942 3029 1005 3091 iam
1021 3030 1084 3092 sint
1099 3031 1228 3111 prolata,
1245 3029 1367 3092 omnino

149 3137 216 3202 fieri
238 3156 298 3200 non
321 3137 455 3218 potuisse
478 3138 514 3199 ut
535 3138 601 3199 tota
624 3153 703 3216 quae
726 3133 888 3198 antecedat
908 3133 1004 3197 oratio
1027 3133 1196 3198 abeodem
1219 3133 1367 3215 discipulo

150 3242 335 3306 laudaretur.
374 3240 461 3321 Quae
476 3244 633 3323 praetcrea
647 3239 718 3302 inde
733 3239 883 3302 conclusit
898 3255 990 3318 supra
1005 3238 1141 3319 exposita
1162 3241 1244 3302 sunt.
1283 3237 1367 3301 Num

150 3349 246 3428 igitur
273 3349 339 3412 iure
361 3346 534 3411 offendatur
560 3345 759 3409 Lehmannus
795 3343 860 3407 iam
889 3342 1109 3407 examinemus.
1158 3344 1204 3406 Ac
1231 3344 1367 3425 primum

151 3453 275 3534 quidem
292 3452 374 3534 quod
388 3452 499 3516 attinet
519 3450 559 3514 ad
579 3449 665 3512 illam
686 3449 786 3530 ipsam
805 3447 946 3529 discipuli
961 3447 1233 3512 contradictionem
1255 3448 1285 3530 (ἓ
1302 3449 1366 3511 202

151 3547 306 3643 ἐτόλμησε
339 3547 399 3641 γὰρ
431 3549 537 3618 εἰπεῖν
571 3541 629 3630 ὡς,
663 3546 692 3615 εἰ
722 3548 779 3614 καὶ
808 3547 909 3637 μηδὲν
942 3536 1020 3614 dato
1055 3542 1261 3638 πεποιήκασι
1294 3542 1368 3628 τοὺς

144 3650 161 3675 (Ι
329 3648 339 3674 )
419 3650 427 3674 Ι
489 3647 498 3672 2
538 3648 547 3671 2
592 3642 606 3672 '5
680 3644 690 3669 )
719 3653 729 3676 j
765 3646 814 3673 ul
978 3649 985 3674 Ι
1051 3641 1072 3668 Ἃ
1132 3643 1141 3668 2
1180 3658 1195 3673 μ
1232 3644 1248 3669 (Ι

157 3660 297 3749 nuptm
319 3663 455 3746 apadno,
478 3657 538 3723 αλλ
570 3679 624 3720 ουν
646 3655 680 3720 δι
713 3677 816 3719 acervo
838 3676 872 3739 γε
892 3654 1029 3732 draccum
1049 3679 1089 3718 av
1104 3677 1213 3732 αυτοις
1226 3677 1369 3732 caemar

149 3756 241 3852 χάριν
263 3761 364 3847 ἔχοιεν
386 3751 438 3829 ὅτι
465 3755 507 3828 τὰ
534 3753 693 3826 κάλλιστα
720 3757 785 3824 τῶν
814 3749 1077 3846 ἐπιτηδευμάτων
1107 3748 1247 3845 εὖρὸνιες
1275 3747 1367 3823 αὐτοί

241 4036 250 4066 ¹
269 4031 311 4087 ef.
329 4027 523 4086 Westermanni
541 4025 658 4094 prolegg.
679 4021 712 4077 ad
731 4021 865 4076 Demosth.
885 4023 962 4077 oratt.
981 4022 1066 4075 select.
1085 4019 1146 4076 edit.
1166 4038 1190 4090 p.
1210 4023 1253 4076 34.

239 4125 251 4158 ⁹
268 4121 298 4176 L.
316 4137 336 4174 o.
356 4137 382 4189 p.
400 4119 435 4174 58
447 4130 501 4183 sqq.
