3102 4696
729 189 769 251 39

142 397 221 463 τῶν
249 387 394 479 όίλλων,
424 396 779 486 λοιδορουμένους
808 393 852 460 δὲ
879 399 966 472 τοῖς
987 386 1134 480 λόγοις
1155 399 1247 472 τοῖς
1269 400 1363 472 σοῖς

144 503 186 570 ἐν
207 507 295 582 τοῖς
317 491 454 586 όχλοις
475 507 567 583 τοῖς
588 504 903 591 πανηγυρικοῖς,
935 499 969 566 έν
999 490 1049 578 οἷς
1071 495 1205 579 πλείους
1225 497 1307 566 εἰσὶν
1330 497 1362 566 οὶ

143 602 357 688 καθεύδοντες
386 608 450 675 τῶν
478 599 699 699 όκροωμένων,
730 607 787 673 καί
810 603 1076 694 προσδοκῶντας,
1110 594 1148 670 δν
1175 598 1360 694 παρακροό-

143 735 264 781 σωνται
292 708 366 794 τοὺς
393 708 571 797 τοιούτους,
604 710 791 797 ἐναμίλλους
822 705 897 791 τοὺς
931 703 1035 778 αότῶν
1064 704 1259 800 γενησεσθαι
1292 717 1363 792 τοῖς

143 811 210 886 όπὸ
239 818 297 886 σοό
323 819 567 908 γεγραμμένοις,
595 817 705 898 κακῶς
734 811 862 897 εἰδότας
885 808 936 884 ότι
964 815 1066 884 πλέον
1093 807 1361 901 ἀπολελειμμένοι

142 925 207 991 τῶν
236 923 302 991 σῶν
328 921 411 990 εἰσιν
438 914 459 1014 ἢ
486 923 543 1014 τῆς
574 917 710 1014 Ὁμήρου
742 917 838 1013 δόξης
870 919 901 991 oi
937 923 1014 1012 περὶ
1042 915 1098 1011 την
1128 911 1223 1011 αὐτὴν
1251 920 1362 1011 ἐκείνῳ

143 1027 280 1120 ποίησιν
308 1023 479 1118 γεγονότες.
531 1033 630 1099 iidem
660 1034 743 1098 euim
771 1033 822 1096 hio
851 1035 1131 1097 commemorantur
1160 1031 1214 1113 qui
1242 1031 1273 1094 in
1295 1051 1364 1114 pro-

143 1139 249 1215 oemio,
272 1140 333 1203 nisi
355 1157 425 1204 vero
441 1139 592 1204 Isoarates
608 1139 807 1203 admiratores
824 1139 872 1203 sui
888 1139 980 1203 simul
1000 1140 1032 1202 et
1046 1137 1218 1201 orationum
1234 1155 1363 1201 suarum

144 1245 363 1309 obtreotatores
387 1245 461 1308 alibi
483 1245 558 1308 alios
581 1244 720 1309 nominat
744 1243 793 1326 (of.
818 1243 837 1326 ξ
863 1245 927 1327 17).
974 1242 1061 1322 Quod
1076 1244 1113 1306 ut
1132 1243 1164 1305 hi
1180 1242 1281 1307 dolore
1297 1243 1364 1306 affi-

145 1349 267 1413 oiantur
296 1350 432 1415 oratione
459 1349 628 1432 discipulus
657 1351 828 1432 exspeatat
859 1367 893 1413 eo
922 1350 1003 1413 oerte
1032 1347 1163 1412 elfioitur
1189 1348 1269 1412 hano
1292 1365 1363 1412 eam

143 1455 307 1519 materiem
335 1455 487 1519 eontinere
522 1473 601 1538 quoe
629 1455 803 1520 molestiam
836 1454 874 1518 iis
908 1454 1050 1518 exhibeat
1083 1453 1132 1517 vel
1166 1452 1362 1518 Aristotelem

143 1561 271 1642 eiusque
306 1560 437 1624 oultores
467 1561 599 1625 maxime
628 1561 661 1623 in
683 1579 720 1624 aa
742 1559 901 1640 flagellari.
953 1559 1054 1640 Atque
1076 1557 1147 1622 inde
1170 1559 1250 1640 quod
1273 1559 1364 1623 disei-

143 1665 208 1748 puli
233 1666 369 1729 extrema
392 1665 487 1730 oratio
510 1665 591 1730 redit
606 1665 646 1729 ed
662 1684 712 1730 eos
728 1666 937 1746 obiurgatores
960 1663 999 1728 de
1022 1664 1133 1746 quibus
1156 1664 1189 1727 in
1210 1665 1362 1746 prooemio

144 1771 284 1854 queritur
305 1770 455 1835 Isoerates
484 1770 619 1835 iudieare
649 1770 720 1834 lieet
747 1789 827 1853 quae
854 1771 886 1834 in
908 1770 1007 1852 Lyoeo
1035 1769 1212 1834 aeoiderunt
1234 1787 1362 1834 oausam

144 1876 326 1958 primariam
349 1875 443 1941 fuisse
466 1895 522 1940 eur
536 1875 783 1940 Panathenaicus
800 1876 992 1940 scriberetur.
1036 1874 1273 1940 Animadvertas
1290 1894 1365 1958 quo-

144 2000 204 2063 que
227 1981 284 2045 hoo
306 1982 370 2045 loeo
392 1981 534 2063 disoipuli
558 1981 698 2046 studium
724 1980 756 2044 in
779 1999 813 2045 eo
835 1981 970 2064 positum
992 1983 1028 2044 ut
1050 1980 1236 2060 magistrum
1258 1999 1364 2045 oonso·

144 2087 259 2150 latione
281 2086 412 2152 levaret:
448 2105 520 2150 oum
542 2087 638 2168 igitur
659 2087 810 2151 Isocrates
840 2105 877 2151 ex
905 2104 941 2151 ee
969 2105 1003 2151 re
1030 2086 1202 2149 maximum
1229 2086 1363 2152 dolorem

143 2191 275 2273 oepisset
303 2192 384 2273 quod
414 2192 678 2273 obiurgationibus
708 2193 767 2256 illis
796 2192 964 2274 permultos
987 2207 1094 2256 eorum
1117 2192 1171 2273 qui
1192 2191 1362 2256 aderanta

141 2315 174 2360 se
197 2297 346 2361 alienatos
368 2315 435 2362 esse
458 2297 617 2362 audiverat
647 2297 683 2380 (ᾗ
709 2298 748 2361 19
779 2317 823 2378 sq.
855 2285 975 2360 τοότων
1003 2293 1041 2361 δὲ
1069 2292 1233 2383 ῥηθέντων
1255 2285 1363 2384 ἀηδῶς

139 2423 230 2478 τινας
251 2397 315 2465 τῶν
337 2393 507 2488 παρόντων
525 2398 717 2489 διατεθῆναι
739 2391 824 2488 πρὸς
845 2390 944 2488 ἡμᾶς·
969 2390 1014 2478 ιός
1035 2398 1096 2484 μὲν
1119 2385 1172 2466 οίν
1195 2393 1363 2490 ἐλυπήθην

139 2504 197 2570 καί
220 2497 457 2593 σννεταρόχθην
478 2495 621 2585 οἶκοόσας
642 2494 877 2586 ἀποδέξασθαί
893 2529 983 2584 τινας
1003 2497 1079 2583 τοὺς
1099 2496 1214 2592 λόγους
1232 2498 1364 2586 τοίπους

140 2602 200 2676 οὐκ
230 2597 269 2674 tv
296 2607 449 2698 δυναίμην
476 2607 610 2696 εἰπεῖν),
639 2614 742 2678 illudit
770 2615 820 2677 hio
842 2612 993 2677 auditoria
1016 2613 1225 2694 sophistarum
1254 2616 1361 2679 turbas

139 2718 341 2800 panegyricos
365 2722 406 2783 'ea
436 2718 556 2795 diosus,
585 2719 619 2783 in
650 2719 761 2802 quibus
789 2719 891 2802 plures
921 2719 984 2782 sint
1014 2718 1067 2800 qui
1089 2717 1246 2783 dormiant
1268 2737 1362 2800 quam

139 2823 193 2904 qui
227 2823 369 2888 animum
400 2824 563 2889 attendant
592 2824 626 2908 (ἕ
651 2826 715 2888 263
747 2821 780 2888 έν
802 2825 872 2900 τοῖς
898 2808 1007 2904 όχλοις
1027 2824 1098 2900 τοῖς
1119 2825 1358 2910 πανηγυρικοῖς,

139 2924 175 2990 έν
197 2913 246 3004 οἷς
268 2923 401 3006 πλείους
422 2923 504 2992 εἰσίν
526 2923 558 2993 oi
580 2919 794 3006 καθεόδοντες
815 2924 880 2992 τῶν
901 2915 1135 3015 ἀκροωμένων).
1180 2929 1268 3012 Ipsos
1287 2949 1360 2996 vero

138 3034 277 3098 aemulos
309 3053 362 3117 spe
385 3052 480 3117 quom
502 3035 639 3100 habeant
668 3035 731 3100 fore
759 3039 795 3100 ut
817 3034 961 3099 Isooratis
985 3034 1137 3099 seribendi
1159 3035 1284 3100 laudem
1307 3035 1361 3100 ad·

138 3142 273 3220 aequent
294 3139 339 3202 ait
360 3139 516 3217 frustrari3
537 3159 612 3205 nam
634 3140 754 3222 longius
778 3140 885 3205 abesse
907 3158 959 3204 eos
982 3139 1022 3204 ab
1045 3141 1098 3204 illo
1125 3159 1219 3222 quam
1244 3144 1361 3206 eeteros

137 3247 245 3326 poetas
276 3244 376 3327 epieos
406 3246 446 3309 ab
473 3245 607 3310 Homero
630 3245 721 3329 (ibid.
745 3241 854 3321 κακῶς
886 3234 1015 3321 εἰδότας
1038 3232 1089 3308 ότι
1112 3241 1214 3310 πλέον
1235 3232 1357 3310 ἀπολε-

136 3345 304 3430 λειμμένοι
330 3345 396 3414 τῶν
423 3345 488 3414 σῶν
515 3345 598 3415 εἰσιν
627 3337 648 3413 ’ί
669 3345 726 3438 τῆς
746 3339 882 3437 Ὁμήρου
916 3340 1011 3437 δόξης
1034 3343 1066 3414 oi
1088 3348 1165 3436 περὶ
1187 3340 1243 3436 τὴν
1265 3339 1360 3438 αὐτὴν

139 3447 252 3539 ἐκείνῳ
275 3450 411 3542 ποίησιν
432 3445 617 3540 γεγονότες).
663 3456 732 3520 Iam
755 3456 898 3522 attendas
922 3456 1002 3539 κάξ
1029 3456 1101 3534 135,
1127 3457 1182 3520 ubi
1215 3457 1361 3538 leguntur

136 3560 215 3626 haee
236 3561 434 3642 gravissima:
471 3555 563 3624 ἔσται
593 3550 623 3624 δ
655 3550 673 3624 ό
701 3551 798 3646 λόγος
824 3563 894 3638 τοῖς
924 3558 985 3642 μὲν
1006 3549 1109 3648 ἡδέως
1137 3547 1177 3624 ib
1199 3547 1359 3626 duobusne

136 3661 310 3730 πολιτείαν
329 3656 464 3752 χρηστὴν
487 3660 566 3747 ε’μοό
587 3656 763 3745 διεξιόντος
785 3653 850 3730 oi'rc’
874 3652 1093 3753 ὀχληρὸςοότ
1121 3651 1256 3752 ίίκαιρος
1278 3653 1360 3730 ἄλλό

137 3759 318 3856 σόμμετρος
348 3767 406 3835 καὶ
434 3761 608 3859 προσήκειν
637 3773 707 3848 τοῖς
741 3767 940 3859 ἔμπροσθεν,
970 3773 1040 3848 τοῖς
1068 3767 1106 3836 δὲ
1135 3761 1180 3858 μὴ
1213 3766 1360 3857 χαίρουσι

136 3877 208 3951 τοῖς
228 3866 312 3956 μετὰ
334 3872 458 3963 πολλης
480 3870 675 4002 σπρνδης’
647 3874 826 3964 ειρημένοις
847 3864 929 3940 ἄλλα
951 3898 1043 3954 τοις
1065 3873 1106 3940 ἐν
1119 3899 1211 3953 ταις
1225 3898 1360 3993 πανη-

137 3970 279 4066 γόρεσι
300 3971 514 4063 μόλισταρ
515 4005 575 4046 ιεν
596 3978 950 4102 λοιδορουμένοις,
974 3968 1342 4062 ’τνδαπόσχωνται
1302 3993 1359 4068 της

135 4081 254 4166 μανίας
277 4076 402 4173 ταότης,
427 4075 811 4209 ε’γκιομιόζοησιν”
790 4112 810 4175 η
839 4077 886 4150 τὰ
917 4077 1155 4175 φαυλότατα
1184 4083 1262 4150 τῶν
1292 4071 1357 4150 όν-

137 4212 215 4252 των
239 4213 277 4277 η
288 4181 382 4267 τοὺς
404 4183 786 4276 παρανομωτότους
808 4188 885 4256 τῶν
908 4189 1196 4278 γεγενημένων,
1230 4181 1358 4268 τείποις
