3102 4696
766 229 815 322 ζὸ-

181 439 234 500 illa
257 438 371 520 proelia
394 438 505 518 quibus
529 437 732 500 Athenienses
756 455 829 499 oum
850 436 1029 512 Thracibus,
1054 435 1189 518 Scythis,
1215 435 1394 518 Eurystheo,

181 543 281 607 Dareo
304 543 517 607 dimicaverint
534 542 744 626 (rsa-198).

271 648 374 728 Quam
397 649 567 712 orationem
589 666 659 711 curn
683 649 845 729 corrigeret
867 648 939 711 cum
962 648 1120 731 discipulis
1144 649 1339 730 quibusdam,
1363 667 1395 713 se

181 755 214 817 in
238 754 400 818 consilium
423 753 565 817 adhibere
588 753 781 817 constituisse
798 756 898 817 orator
912 756 1018 817 narrat
1033 753 1224 818 laudatorem
1241 755 1397 836 quendam

183 858 492 923 Lacedaemoniorum
508 877 523 922 e
540 859 702 940 disciplina
725 876 782 922 sua
804 858 990 940 profectum3
1014 860 1097 924 hunc
1115 861 1212 923 totam
1227 861 1397 924 orationem

184 965 328 1045 probasse
358 963 491 1045 quidem,
519 964 572 1029 sed
600 967 705 1028 contra
736 964 835 1027 dicere
859 983 925 1028 esse
949 983 1061 1029 ausum
1083 969 1241 1048 propterea
1263 966 1397 1046 gratiam

186 1069 359 1133 habendam
393 1087 460 1133 esse
490 1069 735 1133 Lacedaemoniis
769 1069 850 1150 quod
885 1071 1000 1152 optima
1031 1071 1220 1135 invenissent
1252 1071 1396 1135 instituta

183 1174 392 1256 (res-202).
439 1174 464 1237 Ε
488 1192 548 1255 quo
572 1193 604 1238 se
627 1175 742 1238 iratum
765 1175 951 1256 quaesivisse
979 1194 1113 1256 quonam
1135 1179 1223 1258 pacto
1246 1177 1398 1240 Lacedae·

183 1280 293 1355 monii,
324 1283 360 1343 ut
388 1279 441 1361 qui
471 1280 643 1343 communis
671 1281 872 1344 institutionis
900 1299 1024 1363 prorsus
1054 1284 1189 1363 expertes
1218 1301 1326 1364 pueros
1358 1282 1397 1344 ad

184 1384 350 1448 furandum
376 1385 582 1467 impellerent,
615 1385 786 1450 inventores
817 1387 1002 1467 optimorum
1033 1386 1244 1450 institutorum
1273 1390 1398 1468 possent

183 1490 334 1554 nominari
356 1490 580 1574 (aos—mlle
638 1491 707 1554 Iam
737 1491 924 1573 discipulum
953 1492 1045 1555 verba
1075 1510 1131 1555 sua
1157 1492 1203 1555 ita
1231 1492 1397 1574 explicasse

184 1598 219 1658 ut
252 1596 334 1659 dicta
368 1599 472 1660 essent
505 1595 542 1659 de
577 1596 728 1660 institutis
763 1596 802 1659 ad
835 1597 951 1660 bellum
983 1596 1153 1677 gerendum
1187 1597 1397 1678 spectantibus

184 1701 395 1785 (alt-217).
442 1700 502 1765 Sed
525 1719 563 1764 ne
586 1701 643 1764 hoc
667 1701 791 1781 quidem
815 1702 1010 1783 comprobato
1033 1703 1208 1784 opposuisse
1229 1721 1294 1766 sese
1317 1704 1397 1766 male

185 1805 438 1870 Lacedaemonios
461 1806 520 1870 illis
543 1806 693 1870 institutis
717 1825 783 1871 esse
806 1825 877 1870 usos
894 1807 1105 1892 (ala—228).
1151 1806 1271 1886 Quare
1292 1807 1398 1871 audite

186 1910 369 1992 discipulum
392 1911 517 1993 quidem
539 1911 730 1976 obmutuisse
753 1914 784 1976 et
806 1913 923 1986 abisse;
956 1915 1054 1976 semet
1077 1914 1181 1976 autem
1203 1931 1274 1975 mox
1296 1911 1399 1994 paeni-

186 2016 282 2080 tuisse
310 2017 391 2097 quod
422 2020 488 2080 tam
512 2017 620 2082 acerbe
643 2017 782 2082 invectus
805 2020 886 2082 esset
909 2018 941 2080 in
964 2017 1227 2093 Lacedaemonios,
1251 2021 1343 2099 atque
1366 2019 1398 2081 iu

184 2122 280 2187 talem
309 2121 523 2186 difficultatem
545 2123 740 2204 implicatum
770 2123 877 2186 statim
900 2141 1081 2187 convocasse
1104 2142 1136 2187 se
1159 2142 1266 2187 omnes
1290 2124 1399 2205 quiin

186 2227 261 2290 urbe
283 2230 387 2291 essent
409 2227 573 2309 discipulos
596 2228 783 2292 deliberandi
806 2247 901 2292 causa
930 2231 1038 2292 utrum
1061 2228 1178 2293 edenda
1200 2232 1281 2293 esset
1304 2229 1399 2294 oratio

185 2351 280 2396 necne
310 2333 521 2415 (aas-233).
579 2333 615 2395 In
650 2352 709 2414 quo
744 2333 868 2396 consilio
902 2333 1094 2399 laudatorem
1127 2334 1216 2396 illum
1250 2334 1402 2398 Lacedae·

186 2437 361 2502 moniorum
395 2438 564 2502 orationem
597 2438 741 2502 habuisse
774 2438 906 2519 legimus
939 2439 971 2501 in
1005 2439 1085 2502 hanc
1118 2439 1180 2503 fere
1215 2439 1400 2504 sententiam

186 2546 412 2625 comparatam:
444 2543 502 2607 sibi
531 2543 707 2625 persuaderi
732 2562 794 2606 non
825 2562 913 2626 posse
937 2545 981 2608 ait
1002 2544 1065 2608 iam
1093 2545 1250 2627 displicere
1273 2545 1400 2609 Isocrati

187 2650 296 2713 acerba
326 2649 381 2712 illa
407 2649 444 2713 de
466 2649 714 2714 Lacedaemoniis
738 2649 835 2724 dicta3
865 2668 938 2714 nam
962 2652 1062 2714 multa
1084 2670 1197 2726 mmm,
1228 2651 1254 2714 si
1277 2651 1401 2732 quidem

186 2757 267 2819 recte
291 2753 487 2836 accipiantur,
515 2755 682 2818 honorifica
704 2774 780 2818 esse.
831 2753 917 2834 Quae
940 2775 1011 2820 cum
1033 2756 1078 2820 ita
1102 2757 1172 2831 sint,
1203 2756 1314 2820 suadet
1335 2774 1403 2819 ma-

186 2859 281 2938 gistro
311 2862 348 2923 ut
377 2860 448 2924 edat
479 2861 649 2924 orationem
676 2860 820 2923 omnibus
848 2879 926 2941 quae
954 2860 992 2925 de
1022 2879 1058 2924 ea
1080 2861 1238 2943 disputata
1265 2861 1326 2924 sint
1349 2861 1402 2924 ad-

186 2964 299 3028 iunctis
330 2964 544 3047 (ast—263),
572 2966 605 3029 id
635 2966 716 3048 quod
749 2965 789 3028 ab
817 2964 960 3028 omnibus
989 2966 1144 3047 probatur.
1202 2964 1401 3029 Conclusione

187 3069 332 3132 docemur
354 3069 476 3149 quando
500 3072 531 3134 et
554 3071 704 3151 quomodo
728 3071 841 3152 scripta
875 3071 916 3134 sit
937 3070 1032 3134 oratio
1056 3073 1087 3134 et
1109 3089 1204 3152 quam
1227 3071 1259 3134 in
1281 3073 1402 3152 partem

188 3173 230 3236 sit
251 3174 426 3256 accipienda
448 3175 660 3260 (263-272).
1063 3159 1064 3162 Ἴ

276 3278 539 3344 Panathenaicum
572 3281 762 3362 perlegentes
795 3281 893 3363 primo
927 3281 1038 3344 obtutu
1066 3280 1205 3345 videmus
1235 3282 1273 3345 de
1304 3281 1404 3363 dispo-

189 3383 296 3448 sitione
319 3387 358 3448 ab
381 3386 469 3449 initio
493 3387 627 3450 constitu
629 3388 661 3449 ta
684 3390 867 3467 strenueque
890 3386 1051 3450 observata
1074 3387 1201 3468 cogitari
1220 3405 1280 3451 non
1299 3405 1403 3468 posse:

81 3522 84 3527 ·
188 3489 309 3571 saepius
333 3491 415 3554 euim
443 3490 614 3573 digreditur
641 3509 659 3554 a
688 3492 839 3573 proposito
869 3493 970 3554 orator
992 3478 1125 3573 ‘propter
1155 3493 1274 3575 copiam
1297 3511 1403 3556 eorum

188 3612 266 3674 quae
294 3595 423 3660 dicenda
453 3596 480 3660 ei
503 3581 646 3659 affluunt
671 3593 701 3677 (ἓ
725 3596 766 3658 95
798 3583 872 3657 οἶδα
904 3591 1019 3682 σαφῶς
1042 3587 1180 3676 ἐμαυτὸν
1200 3592 1343 3680 λέγειν’
1326 3617 1403 3658 επι-

187 3719 351 3783 xetpouvva
382 3721 459 3785 περι
490 3680 533 3762 ὧν
566 3687 624 3763 οὐκ
653 3687 741 3785 ᾤμην
775 3695 920 3784 ἐρεῖν..
945 3690 1072 3763 ..διὰ
1105 3691 1144 3764 τὸ
1176 3697 1309 3787 πλῆθος
1341 3697 1406 3763 τῶν

188 3797 294 3867 εἰπεῖν
317 3795 552 3889 inspectivam).
605 3806 768 3869 Praeterea
799 3805 968 3885 loquacitas
1000 3807 1165 3870 senectutis
1193 3807 1301 3871 multis
1329 3807 1403 3870 locis

191 3909 462 3985 animadvertitur3
500 3911 701 3974 occurmnt
693 3909 735 3990 igi
736 3912 788 3972 tur
814 3909 921 3974 miultis
958 3910 1073 3974 locis
1066 3911 1206 3974 manium
1241 3912 1404 3976 verbomm

189 4015 353 4096 ambagem
388 4016 513 4080 eaedem
535 4034 585 4079 res
608 4015 655 4079 bis
678 4017 846 4079 narrantur
874 4016 921 4080 vel
943 4018 1006 4089 ter,
1041 4015 1085 4078 lta
1115 4034 1184 4079 vero
1208 4019 1244 4080 ut
1266 4017 1405 4080 taedium

188 4119 335 4184 afferatur
357 4138 581 4202 nonnunquam
603 4121 776 4200 legentibus
787 4124 808 4184 ¹.

278 4280 288 4310 ¹
306 4277 345 4330 De
363 4277 413 4332 lrao
430 4294 458 4330 re
475 4277 552 4344 plura
569 4279 671 4332 notavit
690 4278 808 4332 Blassius
828 4276 846 4330 l.
865 4292 886 4328 c.
907 4291 931 4343 p.
950 4276 1001 4328 297
1016 4291 1054 4342 sq.
1200 4345 1245 4407 l*
