3102 4696
756 195 774 255 8

156 395 216 482 τὰς
239 399 415 482 ἐπιδείξεις
436 401 493 466 καὶ
521 393 596 480 τοὺς
624 391 749 488 ἀγῶνας
776 399 999 489 γεγραμμένων
1021 402 1088 467 ιιτλ.
1135 403 1196 470 Sed
1219 407 1370 488 quemodo

158 531 194 576 ex
222 511 270 575 his
303 511 378 575 loeis
411 513 510 574 totam
540 510 707 575 orationem
737 510 776 574 ad
807 510 970 592 discipulos
1000 513 1137 592 spectare
1168 511 1246 576 effici
1276 513 1372 594 possit

159 617 303 699 equidem
325 617 500 698 intellegere
524 635 650 698 nequeo.
695 615 800 680 Etiam
822 616 1006 680 mirabiliore
1030 618 1297 698 argumentatione
1320 618 1372 683 ille

158 723 269 798 utitur,
304 725 341 786 ut
373 725 526 786 oratorem
561 721 601 786 ad
636 721 767 803 priorem
805 722 950 786 orationis
980 725 1099 804 partem
1128 723 1372 805 componendam

159 828 376 911 discipulorum
397 828 670 892 declamationibus
690 828 860 909 impulsum
882 847 949 892 esse
973 827 1191 894 demonstrem.
1229 829 1373 894 Adfirmat

159 935 242 1000 enim
269 953 335 998 rem
364 935 407 998 ita
439 952 471 997 se
500 933 612 1017 habere
641 952 677 998 ex
705 935 743 997 iis
772 933 932 1016 praecipue
963 935 1102 1016 cognosci
1132 935 1232 999 verbis
1261 936 1372 1016 quibus

159 1043 259 1105 orator
287 1059 346 1122 quo
380 1039 534 1103 adductus
564 1040 605 1103 sit
632 1039 672 1103 ad
705 1039 970 1104 Panathenaieum
1001 1039 1198 1104 scribendum
1226 1043 1372 1122 exponat:

159 1147 176 1228 ᾖ
194 1147 235 1210 37
256 1131 325 1207 ἀλλ’
348 1131 435 1226 ὅμως
456 1133 547 1208 οὐδὲν
565 1140 686 1225 μᾶλλον
706 1131 910 1208 ἀποστατέον
930 1131 1034 1210 αὐτῶν
1056 1141 1152 1223 ε’στιν,
1174 1131 1244 1208 ἀλλ’
1262 1142 1373 1209 ἐπιτε-

159 1247 296 1328 λεστὲον,
313 1235 350 1335 ἦν
364 1271 427 1334 περ
443 1243 492 1313 ἔτι
509 1245 562 1336 ζῆν
577 1245 773 1335 δυνηθῶμεν,
791 1235 895 1326 ῶλλως
909 1272 943 1313 τε
958 1248 1014 1314 καὶ
1031 1246 1162 1314 πολλῶν
1175 1272 1216 1332 με
1231 1249 1341 1336 παροξ
1359 1292 1373 1300 -

159 1346 276 1419 νὸντων
298 1345 431 1442 γράφειν
453 1341 548 1418 urbia
564 1353 642 1437 (soil.
657 1344 844 1440 τὸνλόγον),
868 1351 997 1441 πρῶτον
1015 1352 1076 1436 μὲν
1095 1352 1159 1419 τῶν
1178 1350 1375 1438 εἰθισμένων

160 1449 303 1546 ἆσελγῶς
325 1462 511 1547 κατηγορεῖν
532 1457 589 1547 τῆς
611 1451 738 1537 πόλεως
760 1449 863 1546 ημῶν,
896 1455 1013 1525 ἔπειτα
1034 1457 1098 1524 τῶν
1119 1458 1290 1547 χαριέντως
1315 1458 1375 1544 μὲν

160 1555 378 1653 οῖπειροτέρως
400 1563 437 1630 δὲ
460 1563 515 1629 καὶ
538 1563 795 1652 καταδεεστέρως
818 1556 1035 1630 ἐπαινούντων
1056 1554 1160 1653 αὐτήν,
1187 1563 1290 1632 ἔτιδὲ
1312 1564 1376 1631 τῶν

162 1669 277 1759 ἑτέρων
305 1668 427 1754 μᾶλλον
452 1659 591 1756 εὐλογεῖν
620 1663 811 1753 τολμώντων
841 1659 898 1736 οὖν
927 1660 1145 1758 ἀνθρωπίνως
1174 1660 1244 1736 ἀλλ’
1277 1661 1376 1750 οὕτως

162 1767 244 1842 ῶστε
273 1767 414 1854 πολλοὺς
443 1766 695 1840 ἀντιτάττεσθαι
722 1768 806 1858 πρὸς
834 1765 947 1854 αὖτοὺς
976 1776 1044 1841 κτλ.
1091 1777 1152 1842 Sed
1179 1779 1234 1842 ubi
1262 1798 1375 1861 quaeso

162 1886 262 1949 elucet
283 1887 434 1948 oratorem
456 1884 512 1947 hoc
539 1883 604 1947 loco
632 1883 797 1965 discipulos
828 1903 899 1947 suos
929 1883 1128 1966 designasse?
1162 1885 1226 1947 Aut
1254 1884 1309 1948 ubi
1338 1885 1375 1949 de

162 1989 436 2055 declamationibus
467 1989 686 2070 discipulorum
716 1990 841 2070 agitur?
874 1989 981 2072 Neque
1014 1989 1118 2053 minus
1154 2009 1232 2071 quae
1268 1989 1376 2054 deinde

161 2097 213 2160 ille
241 2095 329 2159 affert
350 2096 442 2160 verba
472 2095 512 2158 ad
541 2095 725 2159 sententiam
756 2113 847 2159 suam
878 2095 1137 2177 comprobandam
1160 2115 1176 2160 e
1198 2096 1376 2160 laudatione

162 2201 298 2265 Helenae
322 2201 339 2283 ἓ
364 2201 404 2264 15
429 2203 569 2281 sumpta:
598 2201 651 2263 ῖνα
674 2196 711 2263 δὲ
732 2190 777 2286 μὴ
800 2195 887 2264 δοκῶ
908 2191 947 2262 τὸ
970 2195 1086 2286 ῥᾷστον
1107 2202 1229 2279 ποιεῖν,
1266 2197 1375 2264 ε’πιτι-

162 2302 226 2388 μῶν
247 2307 318 2381 τοῖς
339 2291 450 2381 ῶλλοις
471 2301 570 2391 μηδὲν
593 2295 778 2382 ἐπιδεικνὺς
799 2301 864 2368 τῶν
887 2301 1041 2387 ε’μανιοῦ,
1071 2295 1272 2391 πειράσομαι
1300 2303 1377 2391 περὶ

161 2408 218 2498 τῆς
246 2398 341 2497 αὐτῆς
367 2400 484 2496 ταύτης
511 2404 617 2474 εἰπεῖν
653 2412 727 2493 quid
756 2412 814 2476 sibi
846 2413 939 2476 velint
968 2412 1001 2474 in
1030 2412 1258 2477 Panathenaico
1286 2412 1377 2494 expli-

162 2516 260 2583 cando
289 2517 354 2582 iure
382 2517 510 2581 mireris.
556 2519 657 2598 Atque
685 2518 856 2582 orationem
885 2536 948 2580 non
977 2517 1017 2581 ad
1048 2517 1211 2599 discipulos
1240 2520 1377 2600 spectare

162 2642 328 2705 eorumque
362 2623 599 2688 declamationes
633 2641 669 2686 ex
701 2622 739 2686 iis
772 2623 846 2704 ipsis
881 2641 960 2705 quae
993 2624 1145 2706 prooemio
1180 2624 1378 2688 continentur

163 2728 341 2794 concludere
371 2729 459 2793 licet:
493 2746 568 2791 nam
599 2727 671 2810 quid
706 2728 764 2791 sibi
796 2728 887 2792 vellet
919 2729 990 2792 talis
1025 2730 1145 2810 copiosa
1175 2731 1310 2794 narratio
1341 2729 1377 2794 de

162 2836 226 2898 vita
253 2851 310 2898 sua
338 2835 369 2898 et
398 2834 434 2898 de
462 2833 629 2897 inimicitiis
660 2852 732 2897 cum
762 2833 961 2910 adversariis,
994 2834 1068 2915 quid
1097 2832 1224 2898 tandem
1254 2837 1378 2900 crebrae

162 2941 231 3004 illae
254 2939 396 3021 querelae
419 2939 456 3004 de
479 2940 588 3020 exigua
612 2958 668 3003 sua
692 2940 873 3003 auctoritate
896 2939 978 3021 apud
1001 2939 1081 3004 cives
1105 2959 1186 3016 suos,
1205 2940 1263 3003 nisi
1283 2940 1376 3003 latius

163 3047 282 3128 pateret
300 3045 419 3109 oratio?
443 3043 523 3108 Cum
543 3045 637 3126 igitur
656 3048 757 3109 orator
775 3046 902 3109 ineunte
924 3045 1059 3109 oratione
1081 3047 1180 3109 totam
1201 3046 1282 3109 vitae
1304 3064 1378 3109 suae

162 3151 314 3216 rationem
335 3152 457 3215 enarret
477 3153 507 3214 et
527 3150 564 3215 de
587 3150 712 3214 sinceris
735 3150 845 3214 studiis
866 3151 930 3214 suis
946 3151 1077 3231 ingenue
1092 3151 1244 3215 rationem
1259 3151 1378 3225 reddat,

163 3260 199 3322 ut
232 3275 329 3339 quam
360 3257 438 3321 falso
468 3256 499 3320 in
529 3255 677 3320 invidiam
707 3255 879 3319 adducatur
907 3257 946 3320 ab
981 3256 1161 3320 adversariis
1195 3257 1251 3321 fiat
1280 3256 1379 3319 maui-

162 3363 287 3439 festum
311 3365 342 3426 et
365 3364 511 3444 queratur
533 3361 614 3444 quod
636 3381 699 3425 nou
727 3362 759 3424 in
789 3379 825 3426 ea
855 3380 916 3442 qua
945 3361 1056 3443 dignus
1085 3361 1126 3425 sit
1156 3361 1379 3425 existimatione

163 3470 244 3551 apud
267 3469 348 3532 cives
371 3467 420 3544 sit,
443 3468 511 3531 luce
534 3468 646 3532 clarius
670 3471 812 3532 osteum
835 3466 993 3532 discordiis
1009 3467 1150 3543 externis,
1176 3485 1239 3530 non
1262 3467 1380 3532 dissen-

164 3575 300 3640 sionibus
330 3592 408 3656 quae
437 3573 519 3636 intra
546 3572 623 3637 fines
655 3572 720 3636 ludi
750 3591 782 3637 se
812 3573 1001 3638 continerent
1030 3574 1221 3637 commotum
1250 3592 1316 3638 esse
1339 3573 1379 3636 ad

163 3679 428 3745 Panathenaicum
459 3677 664 3743 scribendum.
708 3680 844 3760 Apparet
870 3678 966 3760 igitur
994 3679 1210 3743 Lehmannum
1233 3697 1311 3760 quae
1342 3678 1379 3742 de

163 3788 280 3868 origine
303 3785 368 3850 eins
399 3784 546 3849 orationis
569 3783 706 3865 disputat
735 3803 771 3848 ex
800 3784 973 3866 opinatione
1002 3803 1059 3848 sua
1087 3785 1188 3866 potius
1215 3802 1311 3866 quarn
1344 3802 1381 3847 ex

163 3892 299 3956 oratione
332 3891 399 3972 ipsa
421 3890 571 3954 hausisse.
617 3889 662 3953 Ut
683 3890 772 3954 breve
800 3889 948 3953 iudicium
976 3889 1013 3954 de
1036 3891 1100 3953 teta
1123 3889 1379 3954 commentatione

164 3998 229 4064 eins
252 3996 419 4073 faciamus,
449 3996 525 4059 nihil
554 3995 774 4079 propemodum
805 4013 841 4060 ea
871 3996 1029 4060 lucramur
1057 3997 1113 4059 aut
1142 3996 1182 4059 ad
1203 3995 1380 4060 universam

259 4229 269 4258 ¹
288 4224 319 4279 L.
337 4239 359 4280 o.
379 4240 404 4292 p.
424 4224 457 4278 37
471 4239 526 4292 sqq.
