3102 4696
801 149 843 212 34

214 358 357 422 universa
387 358 523 422 Platonis
552 358 692 422 doctrina
721 362 790 422 tum
816 359 938 422 fabulae
967 359 1094 441 quibua,
1132 362 1168 422 ut
1196 359 1308 424 melius
1341 359 1430 424 intel·

214 464 364 542 legantur,
396 482 443 526 res
474 464 505 526 in
533 464 723 546 philosophia
753 465 954 528 abstrusiores
986 465 1089 529 studet
1118 465 1144 527 is
1166 464 1332 528 illustrare.
1384 465 1429 528 Re

215 587 286 631 vera
315 571 419 633 autem
448 569 608 632 Platonem
638 569 687 632 his
716 569 790 633 locis
823 571 886 652 peti
917 589 951 634 ao
980 570 1179 634 confirmatur
1210 569 1296 656 quod
1321 570 1361 632 ab
1392 570 1429 632 iis

215 692 291 753 quos
319 673 364 738 ita
392 675 524 755 castigat
552 676 815 755 Agamemnonem
848 675 959 740 merita
993 675 1216 738 existimatione
1249 674 1429 738 fraudatum

215 796 282 842 esse
310 778 460 844 Isocrates
492 780 648 853 enuntiat3
683 798 759 843 nam
788 781 827 843 ab
861 798 898 844 ea
935 798 1014 861 quae
1042 780 1075 842 in
1104 783 1213 861 quarto
1244 779 1282 843 de
1310 780 1429 860 legibus

214 883 290 946 libro
320 884 432 965 legitur
462 885 684 966 vituperatione
713 884 834 948 delendi
861 884 943 949 huno
965 885 1022 948 hoc
1044 886 1109 948 loeo
1132 885 1171 948 ab
1195 887 1313 948 oratore
1338 903 1429 967 supra

214 989 357 1052 vidimus
414 990 505 1053 Porro
535 990 666 1054 Panath.
698 990 775 1071 §L
808 990 862 1052 ubi
896 992 1053 1072 praeterea
1087 989 1302 1054 historicorum
1336 990 1429 1054 libros

216 1084 302 1175 (τοὺς
330 1084 388 1170 τὰς
417 1085 563 1170 παλαιὰς
590 1084 725 1180 πράξεις
757 1091 814 1157 καί
843 1084 917 1170 τοὺς
947 1090 1111 1176 πολέμους
1136 1084 1211 1170 τοὺς
1232 1083 1430 1180 Ἑλληνικοὺς

215 1195 457 1284 ἐξηγουμένους)
496 1203 526 1264 et
556 1201 707 1264 orationes
738 1199 894 1263 iudiciales
925 1189 1016 1282 (τοὺς
1046 1188 1162 1275 ἁπλῶς
1190 1193 1344 1285 εἰρῆσθαι
1374 1198 1428 1262 δο-

215 1299 348 1378 κοῦντας
378 1301 433 1367 καὶ
460 1299 620 1389 μηδεμιᾶς
642 1293 852 1391 κομψότητος
879 1300 1069 1385 μετέχοντας
1091 1303 1172 1387 κτλ.)
1197 1304 1429 1369 commemorari

213 1409 246 1470 in
267 1410 426 1490 propatulo
449 1411 504 1485 est,
533 1411 625 1474 verba
647 1410 683 1472 iis
707 1428 786 1492 quae
809 1409 898 1474 modo
921 1428 937 1472 e
959 1411 979 1488 ξ
1003 1410 1043 1473 78
1067 1409 1230 1472 attulimus
1254 1409 1428 1472 simillima:

213 1509 277 1575 τῶν
304 1503 406 1598 λόγων
428 1566 435 1579 .
460 1562 468 1577 .
494 1563 500 1576 .
524 1504 618 1590 τοὺς
643 1504 862 1594 μυθώδεις
888 1511 958 1576 καὶ
987 1504 1083 1590 τοὺς
1111 1507 1332 1598 τερατείας
1359 1510 1430 1575 καί

213 1614 491 1703 ψευδολογίας
512 1609 698 1699 μεστοίις,
724 1608 775 1695 οἷς
797 1611 828 1682 oi
852 1615 969 1682 πολλοί
992 1615 1113 1699 μᾶλλον
1133 1613 1298 1703 χαίρουσιν
1319 1603 1339 1703 ἢ
1361 1619 1431 1692 τοῖς

214 1721 290 1807 περί
313 1720 369 1809 τῆς
392 1713 494 1786 αδτῶν
516 1719 674 1810 σωτηρίας
695 1721 878 1807 λεγομένοις
901 1724 940 1788 ad
955 1723 1202 1806 philosophorum
1217 1724 1430 1806 imprimisque

216 1828 351 1893 Platonis
375 1830 510 1910 dialogos
534 1832 671 1912 spectare
695 1827 873 1910 Spengelius
899 1829 1051 1911 perspexit
1059 1832 1079 1893 ¹.

302 1952 387 2032 Quae
426 1953 529 2016 omnia
571 1952 805 2034 respicientibus
844 1952 931 2016 nobis
972 1952 1103 2016 efficitur
1134 1952 1167 2014 in
1201 1952 1429 2018 Panathenaico

213 2057 349 2120 Platonis
377 2057 574 2139 potissimum
605 2057 771 2122 sententias
801 2059 831 2120 et
860 2057 995 2120 maxime
1018 2057 1143 2138 quidem
1165 2057 1336 2121 doctrinam
1360 2057 1427 2121 eius

214 2163 370 2243 politicam
399 2163 431 2225 in
462 2161 698 2227 controversiam
727 2161 837 2226 vocari.
892 2160 972 2224 Cum
998 2179 1068 2225 vero
1100 2163 1206 2226 contra
1234 2161 1337 2245 ipsum
1360 2161 1430 2225 doc

213 2267 311 2331 trinae
339 2268 431 2331 huius
461 2271 626 2343 auctorem,
655 2266 708 2349 qui
738 2285 818 2331 auno
850 2267 914 2329 348
942 2267 1007 2330 iam
1040 2269 1121 2330 esset
1150 2269 1302 2342 mortuus,
1331 2267 1426 2330 oratio

213 2372 325 2455 scripta
349 2391 416 2437 esse
430 2372 481 2436 vix
502 2373 608 2455 possit,
632 2372 804 2436 necessario
827 2371 1003 2454 putandum
1026 2374 1074 2435 est
1095 2372 1182 2436 litem
1203 2371 1300 2436 trisse
1315 2372 1427 2435 oratori

212 2496 285 2541 cum
312 2479 442 2543 aemulis
465 2497 482 2542 e
505 2478 664 2559 disciplina
687 2477 768 2541 illius
798 2476 950 2558 profectis.
1003 2475 1153 2540 Platonici
1182 2476 1276 2557 igitur
1301 2475 1428 2540 inerunt

215 2583 267 2664 qui
296 2583 465 2648 identidem
492 2583 525 2645 in
552 2583 687 2646 oratione
709 2581 959 2664 perstringuntur
986 2581 1296 2646 Lacedaemoniorum
1326 2599 1427 2645 assec-

213 2690 327 2752 tatores
356 2687 405 2769 (cf.
425 2687 463 2770 ἓξ
487 2688 539 2751 41.
564 2688 605 2750 62
630 2705 675 2767 sq.
699 2687 750 2750 65.
776 2686 924 2750 70.106.
950 2686 1132 2749 110-112.
1158 2686 1230 2750 155.
1256 2687 1328 2750 182.
1354 2685 1426 2750 184.

214 2793 290 2877 242)
313 2792 467 2873 iidemque
490 2791 725 2856 Atheniensium
747 2791 967 2872 vituperatores
999 2789 1047 2873 (gg
1071 2792 1123 2854 37.
1148 2793 1198 2856 62.
1224 2791 1276 2854 65.
1301 2790 1351 2854 70.
1376 2791 1426 2854 89.

217 2899 301 2981 115),
331 2916 462 2978 quorum
492 2897 673 2979 obloquendi
696 2898 727 2961 et
748 2895 938 2978 repugnandi
959 2895 1086 2960 libidine
1109 2914 1142 2960 se
1164 2895 1336 2978 impulsum
1359 2913 1427 2960 esse

214 3003 363 3067 Isocrates
393 3002 572 3084 pronuntiat
593 3005 630 3066 ut
652 3002 690 3066 de
712 3021 745 3065 re
772 3002 894 3083 publica
917 3001 1070 3064 maiorum
1092 3001 1267 3081 loqueretur
1290 3018 1426 3081 quosque

214 3108 252 3172 de
281 3109 365 3171 nulla
398 3126 431 3171 re
460 3108 505 3171 ait
532 3107 730 3172 tolerabiliter
764 3106 862 3170 dicere
890 3124 948 3170 nec
977 3105 1014 3169 de
1041 3105 1291 3170 Lacedaemoniis
1325 3107 1427 3168 tacere

190 3231 301 3296 ,posse
331 3213 367 3295 (ᾗ
389 3213 451 3277 110
481 3202 554 3289 τοὺς
582 3208 618 3276 δέ
648 3208 862 3297 φαυλοτέρους
891 3195 927 3273 οὗ
953 3199 1051 3291 μόνον
1078 3199 1198 3274 τοίιτων
1228 3195 1325 3285 δ’ντας
1346 3196 1429 3271 ἀλλὰ

214 3314 356 3381 καὶτῶν
378 3313 518 3397 πολλῶν,
541 3314 598 3380 καὶ
621 3314 697 3402 περὶ
718 3310 778 3397 μέν
799 3301 897 3378 δίλλου
919 3305 1110 3400 πράγματος
1133 3301 1258 3390 οὐδενὸς
1280 3299 1319 3378 ῶν
1342 3314 1429 3390 οἵους

213 3445 248 3486 τε
271 3420 456 3506 γενομένους
482 3410 622 3497 ἀνεκτῶς
651 3415 767 3498 εἰπεῖν,
796 3417 873 3504 περὶ
905 3414 942 3482 δὲ
964 3414 1240 3501 Λακεδαιμονίων
1270 3405 1307 3482 οὗ
1334 3418 1428 3482 δυνα-

213 3527 328 3609 μένους
343 3523 481 3605 σιωπᾶν,
505 3514 586 3590 ἀλλὰ
608 3520 868 3611 προσδοκῶντας,
892 3509 929 3610 ἢν
951 3513 1209 3609 δπερβοίλλοντας
1230 3513 1305 3599 τοὺς
1327 3517 1428 3586 ἐπαί-

214 3655 286 3710 νους
315 3631 392 3718 περὶ
427 3627 555 3695 ἐκείνων
589 3627 765 3708 ποιῶνται,
804 3619 861 3714 την
889 3616 985 3715 αὐτὴν
1021 3619 1193 3715 λήψεσθαι
1227 3617 1325 3706 δόξαν
1359 3629 1430 3703 τοῖς

214 3726 399 3823 ἆδροτέροις
435 3728 537 3800 αὐτῶν
571 3734 627 3799 καὶ
662 3725 748 3798 πολὺ
773 3729 935 3816 βελτίοσιν
967 3722 1050 3796 εἶναι
1078 3729 1234 3815 δοκοῦσι).
1291 3732 1429 3811 Quinam

215 3843 278 3908 sint
298 3844 342 3906 illi
365 3843 460 3908 etiam
482 3842 655 3907 accuratius
677 3841 882 3921 intellegetur,
907 3839 932 3903 si
956 3857 1035 3920 quae
1057 3838 1211 3921 prooemio
1230 3837 1430 3920 proferuntur

215 3968 288 4013 cum
314 3949 411 4030 ipsius
441 3947 584 4012 orationis
608 3949 789 4028 argumento
817 3947 888 4026 apte
912 3943 1165 4026 copulaverimus.
1215 3942 1322 4023 Neque
1345 3942 1430 4006 enim

305 4178 315 4208 ¹
333 4175 410 4228 Isoer.
430 4189 455 4226 u.
473 4173 544 4229 Plat.
562 4189 587 4242 p.
601 4174 660 4229 754.
