3102 4696
715 161 757 222 33

629 250 840 257 ————-

126 470 226 558 μέρος
252 471 308 537 καί
337 473 482 537 διελθεῖν
509 463 634 538 ὁπόσον
657 459 696 536 dv
718 462 810 537 αι’ποὶ
832 471 1063 559 βουληθῶσιν).
1116 474 1197 554 Quid
1220 475 1345 539 tandem

129 581 189 644 sibi
219 581 309 645 vellet
337 580 549 662 philosophus,
584 599 656 645 oum
679 581 786 661 longas
809 580 958 645 orationes
989 580 1033 644 ita
1062 580 1190 644 reiceret
1219 581 1253 642 in
1285 580 1346 643 dis-

127 686 296 768 putatione,
328 685 434 750 dubito
464 704 506 749 an
528 686 626 750 multo
649 687 759 750 melius
790 704 850 749 non
871 685 1055 750 intellexerit
1076 685 1227 750 Isocrates
1250 704 1345 767 quam

127 792 161 854 in
184 791 302 872 dialogo
326 810 381 855 suo
402 791 527 855 nomine
550 791 695 873 inscripto
719 789 857 872 Gorgias,
889 792 951 872 qui,
978 791 1154 855 admonitus
1177 809 1196 854 a
1220 789 1345 855 Socrate

127 917 167 961 ne
200 897 333 979 amplius
368 897 512 960 continua
545 899 684 961 uteretur
717 897 867 973 oratione,
896 896 1056 1020 respondit
1089 898 1165 961 haec
1196 897 1260 960 449
1277 896 1297 959 b
1313 915 1344 960 c:

127 994 193 1065 είσί
214 997 282 1083 μέν,
315 983 341 1064 ὦ
366 991 542 1087 Σώκρατες,
575 995 658 1065 ένιαι
685 997 749 1064 τῶν
778 988 984 1119 οἷποκρίσεων
1005 988 1180 1125 όναγκαῖαι
1203 991 1258 1064 διὰ
1280 1022 1344 1082 μα-

127 1102 212 1192 κρῶν
233 1097 307 1183 τοὺς
327 1097 441 1191 λόγους
463 1108 650 1170 ποιεῖσθαι.
688 1092 725 1170 oc'·
746 1096 809 1192 μὴν
836 1092 921 1169 οἷλλόι
944 1096 1145 1225 πειράσομαί
1167 1127 1202 1190 γε
1224 1098 1269 1182 ὡς
1291 1096 1346 1169 διὰ

127 1202 341 1296 βραχυτάτων.
378 1202 518 1296 καὶγὰρ
546 1195 586 1274 αὗ
608 1207 781 1275 καὶτοῦτο
805 1209 838 1274 έν
861 1207 949 1274 ἐστιν
972 1192 1016 1274 ὧν
1038 1208 1133 1298 φημί,
1164 1197 1329 1298 μηδένα
1308 1233 1347 1274 αν

130 1313 164 1378 έν
191 1313 444 1402 βραχυτέροις
428 1313 506 1398 apori
534 1307 576 1379 τὰ
594 1303 685 1432 αὐτὰ
714 1310 820 1379 εἰπεῖν
848 1319 880 1382 et
908 1317 1013 1381 studet
999 1320 1094 1399 tper
1122 1317 1223 1381 nudas
1251 1318 1345 1381 inter·

129 1422 287 1498 lectiones,
318 1422 404 1486 velut
434 1419 486 1484 ναὶ
514 1425 547 1486 et
576 1407 621 1498 οό,
650 1421 845 1503 respondere,
877 1422 966 1502 quasi
996 1420 1130 1485 Socratis
1159 1421 1280 1485 intersit
1310 1424 1346 1485 ut

129 1546 225 1607 qnam
255 1527 434 1591 brevissime
464 1527 593 1602 dicatur,
622 1545 719 1608 neque
750 1545 819 1590 vero
841 1529 878 1590 ut
906 1527 1058 1591 derebus
1081 1526 1262 1590 deliniendis
1285 1527 1346 1590 dis·

131 1635 253 1696 seratur
275 1631 456 1712 singillatim
478 1631 580 1712 potius
604 1649 700 1712 quam
721 1634 868 1712 perpetua
890 1631 1034 1695 oratione.

217 1754 380 1818 Addantur
412 1754 538 1835 insuper
569 1753 627 1818 loci
664 1754 719 1816 ubi
752 1753 790 1817 de
823 1753 966 1818 universa
1000 1753 1135 1818 Platonis
1169 1754 1346 1836 disputandi

131 1878 167 1923 ao
201 1859 355 1923 scribendi
387 1859 505 1923 ratione
538 1859 739 1942 contemptim
772 1859 902 1922 iudicari
934 1859 1081 1924 videatur.
1136 1860 1182 1923 Ac
1210 1860 1346 1941 primum

131 1965 257 2047 quidem
292 1965 385 2029 verba
413 1964 527 2045 quibus
560 1964 582 2026 ii
616 1967 762 2028 notantur
795 1965 849 2044 qui
881 1963 965 2027 nullo
994 1964 1119 2028 consilio
1148 1967 1180 2028 et
1206 1964 1347 2028 indecore

131 2074 163 2133 et
198 2071 264 2134 sine
298 2069 402 2133 ordine
443 2069 481 2132 de
517 2069 601 2133 omni
634 2069 666 2132 in
703 2087 799 2151 qnam
835 2068 974 2133 incidant
1009 2088 1042 2133 re
1084 2069 1200 2133 soleant
1237 2069 1346 2140 dicere.

131 2194 210 2257 quae
239 2175 283 2240 sic
313 2175 460 2256 leguntur
487 2174 505 2256 ἓ
529 2174 586 2237 24ι
623 2166 652 2236 εί
680 2163 740 2258 γὰρ
768 2160 853 2236 τοῦτ’
882 2159 942 2259 ἤδη
972 2169 1118 2259 ποιοίην,
1148 2164 1228 2260 μήτε
1255 2171 1348 2250 τέλος

132 2277 266 2357 ἐπιθείς
298 2281 369 2356 τοῖς
397 2274 627 2364 γεγραμμένοις
654 2268 733 2363 μήτε
768 2272 958 2361 συγκλείσας
989 2269 1046 2364 τὴν
1079 2265 1174 2364 ἀρχὴν
1193 2274 1263 2362 Ιτῶν
1291 2281 1346 2365 ῥη-

133 2375 301 2471 θήσεσθαι
329 2375 507 2466 μελλόντων
542 2379 581 2469 τῇ
609 2379 737 2469 τελευτῇ
770 2378 835 2446 τῶν
863 2367 923 2469 ἤδη
952 2383 1204 2469 προειρημένου,
1235 2371 1348 2464 ὅμοιος

132 2475 172 2552 do
199 2479 281 2553 εἶναι
310 2480 442 2571 δόξαιμι
469 2490 560 2565 τοῖς
586 2482 675 2573 εἰκῇ
702 2484 770 2555 καί
799 2482 1006 2575 φορτικῶς
1031 2487 1099 2550 καὶ
1131 2477 1250 2574 χόδην
1284 2475 1347 2551 ότι

130 2579 176 2658 όν
218 2591 382 2680 ἐπέλθῃ
424 2590 635 2678 λέγουσιν,
677 2593 761 2658 dicta
802 2597 875 2658 sunt
912 2593 977 2657 sino
1014 2593 1106 2656 dubio
1143 2593 1181 2657 de
1218 2592 1347 2675 dialogis

130 2700 305 2764 Platonicis.
362 2700 447 2764 Licet
479 2699 561 2763 enim
595 2701 704 2780 putare
734 2699 887 2763 rhetorem
917 2698 1057 2775 eosdem,
1092 2697 1174 2780 quod
1206 2716 1347 2780 expressa

131 2807 224 2887 atquo
259 2808 366 2887 aperta
402 2804 538 2886 partium
575 2803 770 2885 discriptione
799 2807 831 2868 et
861 2821 975 2884 magna
1004 2821 1041 2868 ex
1068 2807 1156 2885 parte
1184 2803 1347 2867 verborum

130 2910 316 2974 ornamentis
339 2908 533 2989 flosculisqne
556 2911 703 2983 cararent,
734 2901 804 2993 εἰκῇ
826 2911 859 2972 ot
881 2903 1044 2994 φορτικῶς
1076 2908 1257 2990 compositos
1281 2925 1347 2972 esse

131 3015 229 3097 iisque
252 3017 374 3097 propter
397 3016 647 3094 argumentorum
662 3012 844 3077 varietatem
866 3016 898 3077 et
919 3013 1135 3096 disputationis
1158 3012 1346 3094 propositum

130 3120 163 3184 in
190 3119 297 3185 eodem
326 3137 466 3184 sermone
495 3118 616 3201 saepius
639 3121 797 3182 mutatum
829 3117 873 3199 (id
894 3117 976 3199 quod
999 3117 1035 3181 fit
1057 3137 1083 3182 e.
1105 3137 1150 3198 gr.
1173 3119 1206 3181 in
1229 3116 1347 3199 dialogo

131 3223 183 3306 qui
206 3224 389 3305 Protagoras
411 3223 600 3306 inscribitur)
623 3213 720 3309 χίδην
742 3210 794 3286 ότι
816 3207 855 3285 tt
878 3218 1007 3307 ἐπέλθῃ
1030 3223 1158 3286 tractari
1180 3223 1346 3287 censuisse.

133 3328 246 3393 lisdem
267 3329 393 3393 illudere
416 3329 523 3394 credas
545 3328 638 3392 verba
661 3328 678 3410 ξ
704 3329 745 3392 74
769 3316 959 3409 αἰσχύνομαι
980 3323 1041 3408 μέν
1062 3316 1131 3413 γάρ,
1154 3320 1184 3390 εί
1206 3323 1348 3390 τοσαῦτα

131 3431 208 3518 περὶ
236 3429 293 3519 τῆς
319 3420 556 3517 Ἀγαμέμνονος
586 3418 698 3518 ἆριτῆς
726 3423 926 3518 προειρηκὼς
951 3421 1086 3518 μηδενὸς
1114 3421 1348 3518 μνησθήσομαι

131 3533 195 3602 τῶν
224 3525 282 3601 ὑπ’
307 3533 428 3602 ἐκείνου
457 3532 706 3622 πεπραγμένων,
735 3523 818 3599 ἀλλὰ
841 3527 925 3615 δόξω
946 3539 1017 3613 τοῖς
1042 3522 1213 3600 σἰκοόουσιν
1236 3524 1349 3618 όμοιος

132 3632 214 3706 εἶναι
234 3645 325 3720 τοῖς
345 3629 719 3722 όλαζονεοομένοις
745 3639 813 3703 καὶ
835 3637 1030 3726 λέγουσιν
1053 3629 1071 3704 ὅ
1093 3664 1133 3704 τι
1158 3627 1206 3703 όῖν
1227 3631 1347 3721 τόχω-

132 3767 211 3827 σιν,·
221 3749 296 3814 item
308 3767 387 3830 quae
401 3749 419 3830 ὅ
434 3749 474 3812 78
489 3749 649 3829 leguntur:
666 3733 814 3822 δι’κεῖνος
829 3737 956 3832 πράξας
972 3745 1049 3827 (scil.
1057 3733 1279 3830 Ἀγαμέμνων)
1292 3744 1348 3809 καί

131 3855 208 3930 τοῖς
223 3839 334 3930 όλλοις
355 3842 531 3931 ὑποδείξας
559 3838 614 3930 οόχ
638 3839 738 3926 οότως
763 3837 970 3937 εόδοκίμησεν
999 3839 1044 3927 ὡς
1070 3847 1233 3936 προσῆκεν
1255 3840 1350 3914 αὐτόν

132 3949 201 4020 διὰ
231 3948 327 4034 τοὺς
353 3954 506 4039 μᾶλλον
535 3943 780 4040 ἀγαπῶντας
807 3946 881 4031 τὰς
909 3950 1248 4036 θαυματοποιίας
1275 3950 1350 4018 τῶν

132 4049 375 4148 εὐεργεσιῶν
403 4061 471 4126 καί
502 4051 573 4137 τὰς
597 4055 878 4146 ψευδολογίας
899 4056 969 4146 τῆς
990 4046 1201 4145 οἷληθείας.
1247 4061 1349 4142 Atque

131 4168 184 4232 hic
207 4169 330 4251 quidem
354 4169 525 4251 praestigiis
556 4170 588 4232 et
610 4165 799 4231 mendaciter
821 4163 911 4228 dictis
933 4163 1077 4229 videntur
1099 4165 1254 4245 designari
1277 4183 1349 4228 oum

1170 4271 1189 4330 3
