3102 4696
794 179 835 241 16

212 389 348 452 oratione
373 388 540 452 sententias
569 388 743 470 impugnari
766 406 843 468 quas
871 386 958 450 Plato
981 388 1014 450 in
1042 387 1128 451 libris
1156 386 1193 452 de
1220 387 1339 467 legibus
1362 408 1432 472 pro-

211 494 282 557 tulit
306 495 396 557 acute
419 493 546 575 aperuit.
592 492 629 556 In
657 512 692 557 eo
721 512 796 557 sane
826 492 905 573 quod
936 492 1090 556 concludit
1119 492 1188 556 inde
1219 493 1256 556 de
1286 494 1428 559 universo

211 618 270 680 quo
294 598 541 662 Panathenaicus
565 598 697 680 scriptus
721 599 762 662 sit
783 599 908 662 oonsilio
932 599 997 662 sine
1021 599 1112 661 dnbio
1135 599 1251 662 nimius
1275 605 1331 663 est.
1367 598 1428 664 Sed

211 707 380 786 antequam
402 704 433 768 in
456 705 538 767 hanc
559 722 627 768 rem
647 704 854 786 inquiramus,
886 704 1022 786 singulos
1045 704 1126 768 locos
1149 705 1189 768 ab
1212 705 1262 768 illo
1286 705 1426 770 collectos

211 813 242 874 et
263 810 345 874 inter
367 829 398 874 se
421 811 544 874 collatos
567 809 653 873 iuvat
674 809 814 892 proferre.

299 917 343 978 Ac
372 916 508 997 primum
537 914 662 996 quidem
694 915 774 996 qnod
805 915 954 980 Isocrates
989 915 1006 998 ἓ
1036 913 1076 978 41
1119 935 1191 979 eum
1220 916 1427 997 indignatione

210 1021 397 1104 pronuntiat,
419 1021 609 1084 mentionem
631 1020 738 1085 fecisse
762 1021 911 1103 quosdam
933 1021 1154 1104 Spartanorum
1175 1022 1316 1097 civitatis,
1339 1023 1428 1104 quasi

212 1127 338 1191 semidei
372 1126 603 1190 constituissent
631 1126 675 1189 ibi
710 1145 777 1190 rem
811 1127 966 1208 publicam
1004 1120 1098 1208 (ἔνιοι
1126 1123 1164 1189 δέ
1191 1149 1275 1204 τινες
1297 1115 1428 1212 ὥσπερ

210 1229 283 1296 τῶν
304 1221 482 1317 ἡμιθέων
511 1227 591 1294 ἐκεῖ
621 1228 962 1313 πεπολιτευμένων
988 1227 1163 1317 μέμνηνται
1193 1231 1270 1319 περὶ
1301 1220 1426 1317 αι’τῶν),

212 1339 251 1402 ad
274 1339 376 1420 ipsum
398 1339 503 1418 legum
527 1323 682 1401 exordium
706 1340 843 1419 spectare
867 1337 1074 1411 demonstrat;
1098 1338 1141 1401 ibi
1163 1339 1247 1402 enim
1268 1337 1428 1402 Cretenses

211 1447 243 1507 et
264 1444 518 1508 Lacedaemonius
547 1444 584 1506 iis
612 1443 758 1506 contineri
786 1442 938 1506 institutis
960 1443 1130 1525 praedicari
1161 1444 1272 1525 quibus
1304 1444 1374 1508 Iove
1398 1447 1430 1508 et

211 1550 348 1632 Apolline
372 1549 547 1613 auctoribus
570 1548 686 1622 Minos,
716 1547 795 1611 Iovis
818 1548 916 1624 filius,
948 1551 979 1612 et
1001 1550 1160 1630 Lycurgus
1183 1551 1428 1631 rempublicam
1526 1539 1527 1544 ¹

211 1655 448 1736 temperaverint
470 1653 573 1734 (Legg.
598 1653 693 1716 eale
717 1641 761 1728 ιδς
782 1649 839 1716 τοῦ
863 1647 961 1716 Μίνω
985 1650 1164 1740 φοιτῶντος
1187 1645 1271 1740 πρὸς
1292 1644 1349 1740 την
1371 1650 1429 1717 τοῦ

212 1749 337 1846 πατρὸς
360 1749 512 1822 έκιίοτοτε
541 1752 710 1820 συνουσίαν
740 1745 783 1820 δι’
810 1749 921 1822 ἐνάτου
953 1753 1043 1834 έτους
1064 1758 1120 1822 καὶ
1149 1749 1233 1822 κατὰ
1263 1750 1322 1836 τὰς
1349 1747 1429 1844 παρ’

213 1859 334 1928 ἐκείνου
357 1855 466 1951 τμημας
487 1864 560 1939 ταῖς
582 1853 719 1926 πόλεσιν
740 1851 815 1944 δμῖν
837 1860 954 1940 θέντος
975 1855 1050 1940 τοὺς
1072 1854 1188 1947 νόμους
1215 1868 1247 1929 et
1276 1867 1373 1930 aaad
1397 1862 1430 1928 έν

211 1973 281 2046 τοῖς
302 1967 359 2034 τοῦ
382 1960 465 2046 Διὸς
486 1968 670 2053 λεγομένοις
692 1958 803 2049 νόμοις
824 1971 895 2044 τοῖς
921 1991 957 2032 τε
983 1966 1039 2033 τοῦ
1064 1965 1198 2033 Πυθίου
1210 1957 1427 2047 Ἀπόλλωνος,

214 2060 268 2152 οὓς
297 2071 413 2151 Μίνως
440 2097 475 2138 τε
503 2073 560 2137 καὶ
591 2071 782 2159 Λυκοῦργος
814 2071 954 2160 ἐθέτην).
1002 2074 1163 2158 Ceteroqui
1193 2096 1270 2159 quas
1299 2079 1428 2159 quartus

212 2183 372 2264 praecipue
388 2181 453 2245 eius
470 2181 582 2261 dialogi
596 2180 674 2244 liber
690 2181 825 2244 continet
840 2181 1008 2245 sententias
1025 2183 1206 2263 praestringi
1221 2183 1271 2246 ille
1286 2182 1427 2247 ostendit.

212 2287 343 2351 Panath.
366 2287 384 2368 g
409 2287 449 2349 62
475 2305 539 2368 sqq.
574 2286 669 2366 igitur
691 2287 730 2350 ab
757 2289 875 2350 oratore
902 2287 923 2349 ii
952 2289 1098 2350 notantur
1125 2289 1178 2368 qui
1206 2287 1313 2352 laudes
1336 2289 1429 2352 Athe-

211 2393 366 2457 niensium
400 2394 432 2456 et
465 2393 702 2473 vituperationes
737 2390 958 2474 Spartanorum
992 2392 1095 2455 animo
1134 2393 1269 2475 accipere
1309 2394 1427 2459 soleant

214 2499 325 2562 offenso
349 2498 378 2580 (ᾖ
406 2499 448 2560 62
471 2487 546 2572 τοὺς
567 2484 675 2582 οίηδῶς
697 2484 872 2573 δκοίοντας
893 2493 958 2560 τῶν
978 2487 1081 2582 λόγων
1102 2487 1244 2582 τοίπων),
1261 2518 1336 2580 quos
1355 2500 1428 2574 iam,

213 2605 304 2668 sicuti
328 2622 449 2685 semper
469 2602 568 2666 facere
591 2603 819 2680 consueverint,
847 2603 1004 2667 civitatem
1028 2604 1262 2667 Atheniensium
1288 2605 1429 2684 obiurga-

214 2714 300 2773 turos
323 2728 390 2774 esse
413 2708 569 2791 opinatur,
600 2727 637 2772 ea
663 2726 773 2789 nempe
796 2712 1012 2790 persequentes
1036 2712 1207 2790 quactum
1246 2727 1318 2772 cum
1349 2710 1428 2772 mari

212 2816 398 2897 imperarent
428 2815 466 2878 ab
502 2813 562 2876 illis
592 2813 723 2895 turpiter
755 2813 838 2876 facta
868 2813 930 2877 sint
960 2817 992 2877 et
1020 2814 1213 2878 incommoda
1247 2833 1326 2896 quae
1357 2815 1431 2878 socii
1526 2859 1527 2872 ,

215 2921 286 2986 inde
314 2919 487 3001 acceperint
517 2918 728 3001 stipendiaque
760 2921 866 2982 exacta
897 2920 1053 3001 opprobrio
1088 2921 1131 2984 eis
1160 2923 1313 2984 vertentes
1345 2919 1429 3001 (ibid.

213 3025 443 3111 κατηγορεῖν
481 3020 523 3086 δέ
560 3019 627 3109 τῆς
665 3013 817 3098 πόλεως
856 3011 958 3108 ἡμῶν
997 3013 1227 3110 ἐπιχειρήσειν,
1264 3012 1345 3110 ὅπερ
1379 3011 1430 3086 ctat

213 3132 322 3194 ποιεῖν
344 3119 488 3192 εἰώθασι
508 3125 565 3191 καὶ
588 3123 775 3206 διεξιέναι
802 3118 871 3203 τὰς
901 3119 1203 3214 δυσχερεστάτας
1231 3125 1304 3192 τῶν
1332 3119 1431 3214 προί-

213 3235 305 3314 ξεων
325 3231 400 3298 τῶν
424 3232 492 3298 ἐπὶ
514 3230 580 3320 τῆς
602 3221 716 3319 δρχῆς
734 3223 912 3318 τῆςκατδι
935 3223 1136 3297 θάλατταν
1163 3232 1431 3321 γεγενημένων,
1526 3257 1527 3298 ι

212 3339 269 3404 καί
297 3331 356 3417 τοῖς
385 3362 420 3404 τε
451 3335 546 3416 δίκας
575 3336 631 3401 καί
660 3329 719 3414 τὰς
748 3333 871 3423 κρίσεις
900 3328 959 3414 τὰς
990 3328 1110 3401 ένθιίδε
1140 3336 1327 3423 γιγνομένας
1359 3341 1432 3415 τοῖς

215 3436 395 3528 συμμάχοις
417 3442 474 3508 καὶ
496 3435 637 3530 τὴντῶν
660 3433 767 3529 ηοὸρων
789 3434 960 3528 εἴσπραξιν
983 3442 1148 3525 διαβαλεῖν
1170 3442 1251 3529 κτλ.)
1298 3445 1366 3509 Iam
1393 3446 1431 3508 de

214 3554 263 3618 his
286 3556 317 3616 et
340 3571 418 3634 quae
441 3551 575 3632 proxime
597 3553 770 3631 sequuntur
798 3549 1058 3630 increpationibus
1087 3548 1325 3614 Teichmuellero
1353 3551 1431 3614 duce

215 3658 415 3741 inspiciamus
437 3658 528 3736 leges.
574 3655 700 3718 Excidia
723 3673 797 3718 sane
820 3654 999 3731 Mulierum,
1023 3653 1255 3730 Soionaeorum‚
1282 3655 1433 3719 Toronae-

215 3783 319 3840 orum,
350 3781 427 3844 quae
458 3760 655 3843 potissimum
688 3760 858 3824 obtenturos
889 3778 955 3824 esse
990 3759 1180 3823 adversarios
1214 3760 1332 3824 civibus
1367 3761 1431 3824 suis

214 3869 365 3934 Isocrates
387 3868 541 3949 exspectat
565 3865 595 3949 (ᾖ
612 3867 653 3929 63
681 3862 738 3927 καί
759 3854 902 3945 μάλιστα
925 3859 1109 3950 διατρίψειν
1131 3855 1270 3950 περὶτὰ
1295 3860 1433 3952 Μηλίων

214 3965 313 4060 πάδη
335 3970 392 4035 καί
416 3965 603 4035 Σκιωναίων
624 3967 681 4032 καὶ
710 3963 915 4055 Τορωναίων,
946 3963 1110 4051 οἰομένους
1131 3971 1205 4045 ταῖς
1226 3965 1434 4057 κατηγορίαις

213 4071 346 4154 ταίτοιις
375 4078 628 4163 καταρροπανεῖν
655 4065 714 4150 τὰς
742 4071 799 4160 τῆς
827 4065 955 4150 πόλεως
983 4061 1162 4160 εὐεργεσίας
1190 4064 1250 4151 τὰς
1277 4066 1434 4162 πρότερον

214 4179 409 4271 εἰρημένας),
445 4182 628 4246 nominatim
661 4181 703 4242 ibi
732 4199 792 4243 non
828 4183 1124 4255 commemorantum
1156 4181 1208 4245 sed
1239 4200 1298 4262 quo
1332 4184 1433 4245 cetera
