3102 4696
782 164 825 227 44

197 391 256 455 quo
278 373 445 437 maioribus
468 373 560 440 rebus
583 375 614 436 et
636 372 857 456 pulchrioribus
881 392 975 454 quam
998 372 1043 436 illi
1061 372 1169 437 dixerit
1192 371 1227 455 (ξ
1246 373 1283 434 11
1308 390 1413 457 προσ-

196 469 284 565 ήκειν
316 463 404 563 ᾤμην
436 499 494 559 μοι
526 467 671 562 τοσοότιγ
705 473 827 559 μᾶλλον
859 474 1025 559 τιμᾶσθαι
1064 474 1128 540 τῶν
1162 474 1221 541 έπὶ
1254 467 1292 540 τὸ
1325 472 1415 564 βῆμα

197 572 380 668 παριόντων
403 570 468 667 dopo
497 604 560 667 περ
589 581 665 669 περί
693 573 848 664 μειζόνων
875 581 932 646 καί
954 568 1172 670 καλλιόνωνῆ
1202 569 1314 646 ’κεῖνοι
1339 572 1415 658 τοὺς

196 678 310 772 λόγους
333 678 530 774 ἐποιούμην).
576 690 677 770 Atque
700 689 739 753 ad
762 708 813 753 eos
836 688 987 771 imprimis
1011 689 1063 770 qui
1086 689 1119 752 in
1140 707 1251 770 genere
1272 689 1412 752 iudiciali

197 793 290 876 (quod
322 811 431 873 graece
465 783 631 857 δικανικόν
659 795 799 877 vocatur)
828 797 988 859 versentur
1019 794 1173 875 pertinent
1207 793 1224 876 θ
1252 794 1289 855 11
1321 793 1414 858 verba

195 899 287 963 haec:
319 885 356 962 οὗ
378 897 455 984 περί
476 894 600 984 μικρῶν
621 890 677 986 τὴν
699 893 889 985 προαίρεσιν
917 889 1113 981 ποιούμενος
1142 885 1216 962 mide*
1245 896 1322 984 περὶ
1349 893 1415 961 τῶν

195 997 289 1067 ίδίων
311 998 517 1085 συμβολαίων
540 991 613 1068 odda*
636 1003 713 1090 περί
741 985 784 1068 ῶν
810 989 904 1068 όίλλοι
933 1001 1018 1080 τινές
1046 999 1207 1091 ληροῦσιν,
1231 989 1313 1067 οίλλᾶ
1336 999 1414 1088 περί

196 1105 260 1172 τῶν
280 1097 475 1194 Ἑλληνικῶν
496 1107 553 1172 καί
576 1106 754 1192 βασιλικῶν
776 1109 833 1173 καί
855 1105 1036 1174 πολιτικῶν
1058 1100 1273 1194 πραγμάτων,
1297 1110 1353 1174 ubi
1375 1109 1413 1174 da

196 1215 234 1278 iis
258 1214 364 1296 quiin
393 1215 500 1278 causis
524 1215 652 1279 minutis
682 1218 713 1279 ct
740 1216 867 1297 privatis
897 1216 1107 1280 contractibus
1129 1218 1290 1279 versentur
1311 1218 1414 1280 orator

197 1320 397 1402 contemptim
427 1321 572 1401 loquitur,
606 1340 680 1385 cum
713 1321 778 1403 ipse
812 1321 849 1386 dc
879 1319 1024 1386 Graeciae
1060 1323 1145 1385 statu
1177 1338 1347 1402 regumque
1382 1323 1415 1385 et

196 1425 508 1507 rerumpublicarum
524 1426 653 1506 negotiis
678 1426 832 1509 scripserit
855 1424 905 1508 (cf.
929 1426 983 1509 §2
1007 1416 1082 1503 τοὺς
1103 1424 1180 1511 περὶ
1202 1419 1266 1488 τῶν
1289 1444 1412 1512 συμφε-

196 1519 313 1616 ρόντιον
334 1525 373 1616 τῇ
394 1552 429 1593 τε
452 1521 549 1594 πόλει
577 1529 726 1608 καὶτοῖς
752 1517 863 1607 όίλλοις
879 1519 1010 1616 Ἕλλησι
1033 1520 1320 1614 συμβουλεόοντας,
1348 1532 1413 1595 scil.

196 1624 330 1719 λόγους).
393 1637 568 1702 Eorundem
611 1637 763 1702 orationes
798 1639 900 1719 aperte
934 1636 1087 1718 significat
1120 1636 1178 1719 §1
1208 1637 1307 1700 verbis
1341 1625 1416 1712 τοὺς

196 1729 311 1817 ἁπλῶς
333 1734 485 1827 εἰρῆσθαι
509 1738 681 1817 δοκοῦντας
708 1740 765 1805 καὶ
793 1736 953 1828 μηδεμίας
980 1731 1189 1827 κομψότητος
1213 1736 1413 1822 μετέχοντας,

197 1828 251 1921 οὓς
274 1839 305 1908 ολ
328 1843 428 1909 δεινοί
450 1843 527 1932 περὶ
547 1837 621 1923 τοὺς
639 1833 764 1931 οίγῶνας
784 1844 979 1932 παραινοῦσι
999 1848 1070 1923 τοῖς
1088 1843 1253 1932 νεωτέροις
1269 1841 1412 1927 μελετᾶν,

195 1942 288 2036 ε’ίπερ
310 1941 480 2034 βοόλονιαι
503 1948 605 2016 πλέον
628 1947 710 2032 ipseo
731 1947 795 2015 τῶν
816 1939 989 2015 ἀντιδίκων
996 2001 1004 2031 ,
1037 1970 1204 2034 earumque
1227 1952 1361 2016 siccitati
1383 1955 1415 2017 et

198 2056 387 2138 simplicitati
421 2058 545 2139 opponit
579 2059 700 2140 copiam
734 2061 766 2122 et
799 2060 980 2122 ornamenta
1011 2059 1172 2122 verborum
1203 2057 1315 2139 quibus
1349 2058 1414 2140 ipse

195 2162 348 2226 crationes
372 2163 480 2227 solitus
504 2163 544 2227 sit
567 2163 753 2245 distinguere
778 2163 848 2246 (βλ
873 2161 929 2226 καὶ
949 2157 1081 2226 πολλῶν
1098 2158 1158 2244 μέν
1179 2151 1414 2249 ἐνθυμημάτων

197 2261 368 2349 γέμοντας,
401 2255 458 2330 οὐκ
489 2254 604 2352 ὀλίγων
633 2255 662 2331 δ
692 2254 890 2331 ἀντιθέσεων
923 2264 980 2331 καὶ
1015 2256 1230 2353 παρισώσεων
1262 2266 1319 2330 καὶ
1350 2263 1416 2331 τῶν

195 2356 300 2434 ἄλλων
318 2365 413 2436 ἰδεῶν
432 2368 497 2436 τῶν
512 2369 546 2435 έν
566 2375 640 2449 ταῖς
662 2367 840 2459 ῥητορείαις
863 2367 1118 2453 διαλαμπουσῶν
1140 2370 1196 2435 καὶ
1219 2362 1294 2450 τοὺς
1316 2360 1414 2437 duod-

198 2499 292 2553 οντας
322 2471 602 2564 ἐπισημαίνεσθαι
629 2476 686 2541 καὶ
715 2480 868 2562 θορυβεῖν
895 2465 1163 2561 ἆναγκαζουσῶν).
1209 2479 1251 2542 Et
1279 2479 1415 2544 maxime

193 2583 270 2647 haec
304 2583 428 2664 quidem
460 2583 575 2648 cadunt
603 2585 637 2646 in
669 2603 719 2648 eos
749 2583 802 2664 qui
831 2603 848 2648 e
876 2582 986 2664 Lysiae
1014 2583 1086 2647 ludo
1118 2585 1273 2660 exierunt,
1304 2585 1415 2667 quippe

195 2688 284 2753 cuius
307 2688 338 2750 in
367 2687 493 2752 dicendo
525 2688 682 2752 subtilitas
711 2707 748 2752 ao
776 2688 912 2752 tenuitas
942 2691 1063 2770 praeter
1091 2691 1207 2753 ceteros
1236 2688 1414 2754 laudetur1.

196 2793 237 2856 Et
259 2793 351 2857 rebus
374 2793 468 2873 igitur
491 2795 522 2858 et
543 2793 643 2857 verbis
666 2796 821 2875 praestare
845 2796 944 2857 semet
965 2793 1002 2856 iis
1026 2793 1079 2874 qui
1108 2795 1140 2857 in
1169 2793 1290 2858 iudiciis
1314 2794 1414 2860 dicere

196 2898 315 2963 soleant
338 2900 440 2962 orator
470 2898 649 2978 gloriatura
697 2897 801 2967 Genus
832 2901 938 2962 autem
970 2899 1204 2964 deliberativum
1227 2899 1290 2963 sive
1314 2897 1414 2984 dppp-

196 2991 328 3087 γορικὸν
350 3003 403 3084 qui
426 3003 530 3070 colunt
552 3006 674 3087 propter
695 3023 818 3069 morum
840 3004 1098 3084 consiliorumque
1120 3005 1305 3086 pravitatem
1329 3022 1416 3068 acer·

195 3110 273 3172 rime
304 3107 551 3190 proscinduntur.
607 3109 672 3173 Hos
701 3109 871 3173 maximam
900 3111 1021 3190 partem
1050 3109 1083 3171 in
1117 3109 1254 3174 contione
1278 3109 1413 3174 dieentes

195 3233 256 3277 non
279 3214 324 3278 rei
346 3213 486 3296 publicae
506 3214 641 3290 utilitati,
663 3214 716 3278 sed
739 3233 794 3278 suo
815 3214 951 3296 ipsorum
972 3213 1130 3278 commodo
1149 3214 1294 3279 inservire
1310 3215 1415 3278 censet

195 3317 224 3400 (ᾗ
243 3320 282 3380 12
307 3308 427 3394 πάντες
447 3310 542 3382 ’ίσασι
569 3312 633 3381 τῶν
654 3313 713 3398 μέν
743 3308 881 3404 ῥητόρων
902 3309 978 3395 τοὺς
999 3308 1141 3394 πολλοὺς
1164 3304 1219 3398 οόχ
1245 3306 1329 3404 ὑπὲρ
1351 3314 1414 3382 τῶν

193 3419 233 3509 τῇ
255 3413 352 3486 πόλει
375 3413 599 3510 συμφερόντων
620 3409 689 3485 ἄλλ’
713 3412 795 3509 ὑπὲρ
819 3404 862 3486 ῶν
889 3409 982 3488 edroi
1007 3412 1179 3510 λήψεσθαι
1201 3420 1414 3508 προσδοκῶσι

284 3655 294 3685 ¹
312 3650 366 3706 Cic
386 3651 461 3706 Brut.
480 3651 514 3705 35
536 3649 629 3719 Lysias
646 3650 750 3720 egregie
768 3650 873 3704 subtilis
891 3651 1015 3718 scriptam
1034 3649 1067 3703 de
1085 3653 1137 3719 opt.
1157 3667 1216 3718 gen.
1236 3667 1272 3704 or.
1291 3654 1308 3706 9
1325 3651 1413 3705 imite-

196 3755 255 3793 mur
273 3738 378 3808 Lysiam
397 3739 497 3792 eteius
516 3737 619 3806 quidem
638 3738 790 3791 tenuitatem
809 3738 989 3805 potissimum
1008 3739 1049 3791 ost
1066 3738 1134 3790 enim
1147 3737 1239 3792 multis
1250 3738 1314 3792 locis
1332 3755 1413 3807 gran·

196 3826 260 3894 dior,
279 3825 324 3880 sed
343 3827 406 3894 quia
423 3829 450 3880 et
468 3826 588 3894 privatus
606 3825 652 3878 illc
670 3825 805 3894 plerasque
828 3828 856 3879 et
873 3841 916 3879 eas
934 3824 1006 3893 ipses
1030 3825 1089 3878 aliia
1113 3827 1140 3878 et
1166 3841 1306 3894 parvarum
1325 3842 1413 3879 rernm

195 3914 316 3968 causulas
345 3913 464 3982 scripsit,
492 3912 595 3967 videtur
622 3928 677 3966 esse
698 3912 822 3982 ieiunior,
846 3929 905 3966 cum
930 3929 957 3966 se
974 3913 1030 3980 ipse
1053 3913 1171 3966 consulto
1194 3911 1229 3966 ad
1250 3914 1412 3968 minutarum

195 4017 335 4056 cansarum
353 4017 450 4070 genera
468 4001 606 4054 limaverit.

284 4105 354 4160 'Gi
373 4121 439 4174 quae
458 4105 489 4160 de
507 4106 632 4160 Isocratis
656 4121 715 4160 cum
733 4106 791 4174 ipso
809 4105 890 4175 Lysia
908 4105 1044 4159 simultate
1063 4105 1168 4173 exponit
1191 4104 1336 4160 Reinhardt
1353 4105 1371 4159 l.
1390 4121 1412 4159 c.

196 4210 221 4261 o·
240 4193 257 4246 2
276 4208 331 4262 soe-
