3102 4696
754 170 773 228 o

152 380 322 443 Isocratem
345 377 560 459 gravissimam
590 395 656 442 rem
685 396 740 442 nos
771 378 917 441 celavisse
940 378 1102 442 credimus.
1149 378 1209 443 Sed
1236 379 1370 443 116661)-

154 485 278 549 surdius
301 486 358 560 est,
382 502 476 565 quam
498 485 535 547 61
556 483 677 565 probari
699 483 798 547 liceat.
852 483 932 562 Quid
962 482 1102 548 dicamus
1126 485 1252 548 tandem
1274 485 1371 568 impe-

153 591 265 655 divisse
302 609 341 654 66
379 591 482 672 aperte
516 588 666 670 quomodo
704 591 889 671 compositus
923 592 1004 654 esset
1039 590 1284 654 Panathenaicus
1313 579 1370 655 ’1116

153 697 369 780 profiteretur?
418 696 483 758 Aut
512 713 591 777 quae
618 695 702 758 iusta
731 712 825 758 causa
855 694 955 758 afferri
985 698 1086 777 potest
1113 714 1168 760 cur
1191 696 1257 760 eius
1280 697 1371 761 disci-

153 802 219 884 puli
254 802 291 865 de
327 820 361 865 re
390 800 512 883 publica
545 799 855 864 Lacedaemoniorum
893 800 1055 882 scriptione
1091 801 1213 865 omnino
1255 803 1371 867 mentio

154 928 214 972 666
237 908 314 971 fiat?
359 907 520 970 Praeterea
542 906 739 970 Lehmannus
763 907 937 970 coniectura
966 925 1023 970 sua
1045 926 1151 971 omnes
1174 907 1371 972 difficultates

154 1033 214 1078 non
237 1013 327 1076 modo
350 1031 410 1075 non
433 1011 521 1087 toltit,
551 1011 615 1088 sed,
644 1014 681 1076 ut
703 1015 784 1076 stare
817 1013 914 1094 possit
936 1012 1087 1077 sententia
1111 1012 1373 1088 6661666666-

154 1119 222 1202 quit
250 1120 324 1200 quin
354 1116 514 1200 permultis
544 1117 618 1180 locis
652 1111 868 1200 ψευδολογίας
900 1136 967 1182 6666
1001 1120 1129 1182 6161661.
1183 1117 1251 1197 Qua
1279 1119 1311 1183 in
1339 1139 1372 1184 re

155 1244 280 1290 omnem
303 1225 404 1288 iustae
426 1222 684 1304 interpretationis
700 1222 827 1287 modum
850 1223 969 1288 transit.
1014 1223 1122 1305 Neque
1145 1224 1228 1288 enim
1250 1224 1373 1289 dubitat

153 1334 236 1395 locos
259 1331 313 1412 qui
336 1348 355 1392 6
377 1328 551 1392 coniectura
574 1347 630 1392 sua
656 1329 818 1393 abhorrere
834 1328 995 1394 videantur
1017 1331 1152 1394 contorte
1175 1348 1211 1393 ac
1232 1349 1372 1412 perverse

154 1435 356 1518 interpretari.
402 1433 460 1510 Ita,
482 1436 519 1497 ut
541 1434 714 1515 exemplum
738 1433 888 1511 afferrarn,
912 1453 983 1498 curn
1007 1435 1138 1517 quaein
1161 1435 1311 1517 prooemio
1335 1437 1373 1500 de

156 1542 311 1624 sophistae
341 1539 503 1604 cuiusdam
530 1539 701 1604 maledictis
731 1544 896 1604 narrantur
927 1540 1095 1604 sententiae
1130 1559 1204 1606 suae
1233 1525 1271 1606 de
1294 1542 1374 1606 Pan-

154 1646 308 1712 athenaioi
331 1645 445 1726 origine
467 1645 557 1708 modo
589 1647 740 1727 expositae
763 1646 925 1710 videantur
948 1644 1102 1710 adversari
1137 1645 1254 1731 (omnia
1289 1647 1373 1711 enim

156 1754 195 1818 ad
218 1752 440 1816 dissensionem
470 1767 543 1814 oum
572 1750 721 1833 discipulo
749 1752 815 1816 vult
844 1751 1006 1834 revocari),
1035 1752 1150 1815 mirum
1180 1752 1212 1814 in
1245 1753 1373 1816 modum

155 1858 312 1924 contendit
333 1859 485 1921 oratorem
508 1856 594 1939 pravi
615 1856 699 1920 illins
715 1857 868 1938 sophistae
883 1857 1000 1922 ratione
1021 1857 1219 1922 describenda
1241 1857 1374 1939 effigiem

154 1965 252 2048 ipsius
275 1963 416 2045 discipuli
446 1962 478 2026 in
506 1962 593 2044 peius
623 1961 823 2044 depravatam
846 1962 1007 2044 designare
1037 1963 1071 2026 in
1094 1962 1198 2027 animo
1220 1963 1374 2039 habuisse,

155 2090 189 2135 eo
213 2068 336 2152 quidem
359 2068 483 2132 consilio
512 2070 550 2132 ut
575 2085 628 2150 per
656 2069 737 2131 hanc
764 2067 933 2149 imaginem
962 2068 1103 2150 discipuli
1135 2061 1374 2134 contradicentis

157 2195 231 2240 ase
262 2174 405 2238 alienatio
439 2173 539 2255 qualis
571 2175 746 2256 quantaque
779 2177 860 2238 esset
889 2173 1075 2254 significaret
1086 2178 1106 2237 ¹.
1158 2173 1243 2252 Quae
1270 2175 1375 2238 omnia

155 2302 172 2346 e
200 2300 277 2345 vano
310 2282 434 2362 sumpta
463 2281 544 2343 sunt.
601 2277 726 2343 Etenim
756 2281 782 2343 si
811 2279 949 2361 opinione
977 2298 1039 2343 non
1068 2279 1276 2361 praeiudicata
1305 2298 1374 2344 eam

155 2387 364 2452 narrationem
398 2385 546 2466 legimus,
578 2385 647 2449 1666
681 2384 793 2449 clarius
832 2388 879 2449 est
912 2387 1065 2449 oratorem
1098 2404 1205 2450 revera
1238 2385 1375 2449 scholam

156 2492 313 2576 quandam
342 2491 591 2575 philosophorum
621 2489 749 2555 dixisse:
784 2491 832 2555 vel
861 2490 932 2555 inde
967 2489 1047 2572 quod
1077 2490 1198 2572 singula
1230 2490 1280 2554 1116
1309 2509 1376 2572 per·

155 2601 280 2664 secutus
303 2599 351 2662 661
375 2595 425 2678 ((16
452 2597 516 2660 1666
544 2595 644 2672 enim,
675 2596 728 2677 qui
749 2595 841 2660 fuerit
864 2591 898 2657 ἐν
918 2590 964 2680 τῷ
987 2589 1141 2680 Λυκείῳ,
1170 2599 1202 2660 61
1230 2595 1267 2661 de
1298 2598 1376 2660 tem-

155 2705 236 2786 pore,
261 2702 343 2784 quod
364 2701 457 2766 fiderit
478 2690 593 2785 μικρὸν
618 2690 685 2784 πρὸ
704 2696 767 2763 τῶν
784 2695 1032 2786 Παναθηναίων,
1057 2701 1214 2782 docemur)
1238 2701 1377 2783 colligere

155 2827 319 2892 possumus
350 2825 419 2872 eam
432 2851 436 2858 -
450 2807 658 2870 narrationem
686 2825 748 2870 non
786 2806 1048 2883 commenticiam,
1073 2806 1127 2871 sed
1160 2826 1266 2871 veram
1300 2826 1376 2872 6666.

158 2914 293 2979 Causam
316 2931 435 2995 quoque
459 2931 514 2976 cur
537 2911 673 2994 sophista
695 2913 746 2976 1116
766 2911 935 2976 Isocratem
962 2911 1103 2993 obiurget
1126 2912 1156 2994 (ᾖ
1181 2912 1220 2976 19
1246 2901 1290 2987 ὡς
1313 2903 1376 2996 ἐγώ

156 3011 288 3083 πάντων
310 3012 502 3104 καταφρονιό
523 3013 588 3080 τῶν
609 3007 772 3096 τοιούτων,
796 3014 853 3079 καὶ
875 3006 933 3093 τάς
955 3039 990 3080 τε
1013 3011 1213 3104 φιλοσοφίας
1234 3007 1293 3093 τὰς
1312 3013 1377 3080 τῶν

157 3112 262 3190 ίίλλων
283 3121 340 3187 καὶ
362 3113 421 3199 τὰς
442 3117 598 3198 παιδείας
619 3111 754 3198 ἁπάσας
782 3109 902 3207 ἆναιρῶ
932 3120 989 3185 καὶ
1013 3119 1098 3208 φημὶ
1125 3112 1253 3198 πάντας
1274 3120 1378 3207 ληρεῖν

158 3221 242 3317 πλὴν
263 3219 338 3306 τσὺς
358 3219 592 3315 μετεσχηκότας
618 3223 675 3314 τῆς
704 3223 782 3314 ἐμῆς
811 3223 988 3314 διατριβῆς)
1020 3228 1164 3292 facillime
1195 3227 1378 3293 adducimur

157 3340 194 3401 ut
217 3336 387 3411 credamus,
411 3354 484 3400 cum
506 3338 622 3411 orator,
653 3353 746 3417 quem
775 3353 809 3398 eo
838 3352 1034 3416 progressum
1063 3352 1131 3400 csse
1158 3334 1319 3416 superbiae
1341 3337 1377 3400 ut

157 3443 262 3507 omnia
285 3443 416 3506 aliorum
439 3440 542 3505 studia
566 3442 721 3523 sperneret
743 3441 872 3515 6666161,
903 3441 998 3504 talem
1019 3440 1286 3522 reprehensionem
1310 3459 1378 3522 pro·

247 3616 306 3672 lId
325 3615 394 3686 quod
412 3615 508 3683 optimc
526 3615 553 3668 in
571 3617 693 3670 naturam
713 3613 900 3670 Panathenaici
924 3614 1061 3668 convenire
1079 3614 1203 3670 affirmat.
1254 3615 1327 3668 Dicit
1345 3614 1377 3668 de

158 3706 269 3761 carel.
288 3721 310 3759 c.
329 3720 354 3772 p.
374 3705 421 3759 68:
457 3702 535 3756 Wird
554 3703 599 3756 der
616 3702 725 3756 Schiiler
749 3703 805 3756 hier
828 3705 905 3756 untar
928 3701 974 3755 der
991 3701 1081 3756 Maste
1107 3701 1152 3756 des
1176 3701 1308 3770 gemeincn
1329 3702 1376 3756 So·

157 3795 263 3863 phisten
282 3791 451 3860 vorgeftihrt,
474 3807 503 3844 sc
526 3791 563 3844 ist
586 3789 642 3845 dies
664 3789 694 3858 ja
717 3790 889 3845 volikomrnen
913 3790 941 3842 in
959 3789 1235 3858 Uchereinstimmung
1258 3789 1308 3843 mit
1333 3789 1378 3842 der

159 3880 352 3938 dramatischen
371 3879 557 3947 Entwichlung
574 3877 619 3932 des
631 3878 852 3946 Panathenaicus,
871 3877 967 3931 welche
982 3877 1060 3945 jenen
1074 3876 1157 3930 durch
1176 3877 1224 3932 dus
1236 3877 1378 3947 Fagefeuer

158 3971 203 4025 der
220 3969 307 4024 Ironie
325 3967 409 4036 gehen
427 3966 506 4036 11161,
529 3966 570 4019 116
588 3965 646 4020 dass
664 3965 706 4020 dic
725 3965 854 4021 Schmach
877 3965 922 4019 des
939 3965 1074 4034 gemeinen
1093 3965 1233 4032 Sophisten
1252 3981 1302 4019 von
1320 3964 1376 4018 ihm

157 4074 312 4128 genomman
330 4055 431 4109 werden
449 4054 527 4110 kann.
564 4054 641 4108 Diese
659 4053 750 4108 Mache
776 4053 924 4108 6161116166
948 4052 996 4106 dan
1015 4051 1124 4107 Schiiler
1146 4052 1276 4108 hinsichts
1294 4053 1378 4106 seinos

158 4145 352 4199 Verhtltnisses
371 4159 404 4197 zu
422 4143 551 4197 Isocrates
575 4142 602 4196 in
627 4141 685 4197 dem
707 4141 790 4195 durch
813 4141 860 4196 ihn
879 4140 1076 4196 verachuldaten
1095 4140 1212 4195 Znstand
1236 4139 1281 4195 der
1311 4140 1377 4194 Ent-

159 4233 299 4302 fremdung
317 4231 448 4286 dorus.
467 4245 498 4285 w.
