3102 4696
813 156 854 217 28

224 360 324 426 ταῦτα
346 353 464 426 εἰπών·
497 350 532 427 οὗ
556 355 614 450 γὰρ
636 351 745 450 ἀληθῆ
769 359 890 449 ἔλεγεν·
922 352 1063 446 οὐδαμοῦ
1093 353 1152 449 γὰρ
1182 356 1308 426 δίκαιον
1332 348 1443 425 οὗδένα

225 458 303 554 ήμῖν
333 458 434 556 ἐφάνη
468 455 504 531 δν
534 459 702 552 βλάπτειν.
757 469 802 534 of.
834 469 924 552 Gorg.
960 471 1059 534 4690
1092 463 1121 533 εἰ
1155 456 1185 532 δ’
1186 456 1361 552 ἀναγκαῖον
1393 461 1442 553 εἴη

225 561 349 638 ἀδικεῖν
378 560 398 660 ή
428 561 636 652 ἀδικεῖσθαι,
669 569 798 661 ἑλοίμην
828 562 867 638 ἀν
895 572 1017 657 μᾶλλον
1044 558 1279 658 ἀδικεῖσθαιή
1309 559 1442 636 ἀδικεῖν.

228 679 288 744 Sed
309 684 525 762 praeterquam
549 681 630 761 quod
653 681 859 746 cavillationes
889 682 1019 744 aliorum
1041 681 1092 744 hie
1119 680 1182 744 illie
1211 697 1335 761 sparsae
1362 678 1443 744 inve-

111 821 115 831 ι
225 785 424 868 niuntur(§§
449 786 631 850 140-142.
658 787 743 870 144),
774 787 946 867 dequibus
976 787 1049 850 alibi
1083 786 1141 850 erit
1170 783 1345 860 videndum,
1378 786 1443 848 tota
1528 851 1529 856 ,

226 892 370 955 orationis
404 910 475 973 pars
510 893 563 956 ubi
593 892 629 955 de
659 892 928 974 praestantissima
958 895 1097 956 veterum
1130 889 1367 954 Atheniensium
1399 889 1444 954 rei

225 997 365 1078 publioae
388 997 486 1060 forma
510 998 612 1077 agitur
633 997 663 1060 in
687 1016 809 1079 prorsus
833 997 1018 1061 contrariam
1041 996 1227 1061 sententiam
1250 1014 1286 1059 ae
1304 995 1442 1076 dialogus

225 1101 276 1166 ille
304 1101 481 1165 Platonicus
510 1103 683 1184 eonsoripta
713 1105 769 1167 est.
814 1102 902 1166 Plato
932 1102 1026 1183 igitur
1055 1101 1223 1184 perfectam
1251 1119 1318 1164 rem
1345 1101 1443 1182 publi·
1529 1169 1530 1174 η

226 1225 296 1270 eam
319 1225 414 1288 quam
437 1208 598 1289 descripsit
620 1208 669 1271 illo
693 1208 811 1288 dialogo
836 1208 980 1272 exsistere
1002 1207 1089 1271 nulla
1119 1207 1181 1270 alia
1210 1224 1299 1288 posse
1325 1205 1442 1270 ratione

226 1314 328 1393 putat,
358 1311 417 1376 nisi
446 1313 468 1374 ii
498 1331 517 1376 a
548 1313 659 1394 quibus
693 1315 820 1394 regatur
854 1313 1060 1395 philosophiae
1094 1312 1195 1375 studio
1231 1311 1295 1374 sint
1323 1310 1443 1375 eruditi.

227 1417 425 1499 Philosophos
448 1437 515 1482 esse
539 1419 582 1482 ait
605 1419 714 1482 debere
736 1419 780 1482 rei
802 1418 942 1500 publieae
965 1418 1200 1498 gubernatorem
1224 1416 1284 1480 vid.
1308 1415 1346 1480 de
1368 1417 1441 1497 Rep.

225 1522 253 1585 V
276 1522 376 1586 473d
400 1513 455 1584 ἐὰν
480 1513 548 1608 μή.
566 1509 610 1608 .ή
635 1516 666 1586 οῖ
691 1513 871 1610 φιλόσοφοι
892 1511 1127 1604 βασιλεῦσωσιν
1151 1517 1186 1584 ἒν
1213 1522 1287 1596 ταῖς
1308 1510 1444 1583 πόλεσιν
1530 1507 1531 1514 ¹

225 1613 245 1710 ἢ
268 1620 299 1691 οῖ
321 1625 458 1714 βασιλῆς
479 1649 513 1691 τε
535 1625 586 1690 νῦν
606 1619 769 1712 λεγόμενοι
790 1627 847 1691 καὶ
868 1619 1021 1692 δυνάσται
1044 1616 1294 1714 φιλοσοφήσωσι
1309 1620 1444 1711 γνησίως

225 1753 260 1794 τε
283 1729 339 1794 καὶ
364 1725 489 1810 ῖκανῶς,
513 1730 569 1795 καί
592 1729 686 1796 τοῦτο
709 1728 756 1809 εἰς
777 1720 893 1797 ταάτὸν
909 1729 1065 1817 ξομπίση,
1084 1722 1218 1813 δίναμίς
1238 1753 1273 1796 τε
1289 1721 1444 1816 πολιτική

225 1835 283 1900 καί
306 1833 488 1924 φιλοσοφία
511 1886 519 1901 .
544 1886 552 1901 .
577 1887 585 1901 .
610 1886 635 1913 .,
660 1826 716 1902 οίκ
740 1833 810 1902 ἔστι
832 1835 941 1902 κακῶν
963 1835 1073 1902 παῦλα
1094 1839 1168 1914 ταῖς
1189 1829 1326 1900 πόλεσιν
1347 1839 1379 1902 et
1400 1836 1445 1900 VI
1531 1819 1532 1888 λ

226 1943 289 2006 499
306 1943 336 2007 b.
375 1942 491 2021 Quodsi
511 1944 679 2008 Isocratem
701 1944 728 2007 ei
748 1945 793 2007 rei
810 1944 981 2025 plurimum
995 1943 1137 2025 ponderis
1153 1942 1294 2006 videmus
1309 1941 1444 2006 tribuere

226 2049 307 2129 quod
329 2050 460 2113 maiores
485 2049 532 2114 sui
554 2052 677 2131 proptor
698 2049 884 2131 peculiarem
905 2049 1039 2113 indolem
1055 2049 1177 2113 virtutis
1199 2047 1444 2129 supervenerint

226 2157 317 2218 utre
339 2154 460 2236 publiea
489 2156 528 2218 ab
559 2155 641 2218 omni
670 2158 757 2237 parte
786 2154 919 2236 perfecta
948 2172 990 2271 ae
1014 2156 1106 2219 beata
1128 2155 1289 2218 uterentur
1318 2152 1355 2235 (g
1380 2153 1443 2216 130
1532 2171 1533 2210 ι

226 2257 341 2335 οίτινες
363 2244 537 2344 ἀντειροι
560 2245 822 2322 νεολιτειιον
813 2245 925 2335 όντες
948 2282 991 2323 ov
980 2245 1240 2344 διήμαρτον
1263 2247 1444 2378 αιροίηιενοι
1532 2245 1533 2250 ¹

224 2359 281 2449 τῆς
302 2353 368 2427 vab
391 2355 522 2427 πάντων
544 2350 583 2428 ἀν
606 2353 861 2450 ὁμολογηθείσας
890 2352 927 2428 οὗ
953 2353 1051 2445 μόνον
1081 2353 1164 2426 εἶναι
1192 2351 1445 2446 κοινοτάτης

226 2466 282 2531 καί
316 2459 593 2555 δικαιοτάτης
630 2457 712 2532 ἀλλὰ
736 2468 809 2554 καὶ
848 2458 1184 2556 σομφορωτάτης
1217 2455 1355 2531 ἀντασι
1387 2465 1444 2530 καί

225 2576 314 2650 τοῖς
335 2572 558 2660 χριομένοις
580 2563 787 2661 ἡδίστης),
811 2575 878 2639 ideo
898 2594 971 2640 eum
990 2575 1022 2638 id
1037 2575 1144 2639 fecisse
1159 2573 1443 2656 probabilissimum
1533 2551 1534 2568 ί

227 2682 274 2743 est
304 2683 340 2743 ut
369 2681 455 2743 fieret
485 2681 681 2762 perspicuum
711 2681 766 2743 tali
795 2699 814 2744 a
843 2681 970 2744 Platone
1004 2679 1220 2745 commendata
1251 2679 1442 2742 institutione

226 2785 349 2848 omnino
372 2803 434 2848 non
456 2804 531 2865 opus
555 2804 622 2848 esse
645 2785 684 2848 ad
707 2786 856 2866 optimam
878 2805 945 2850 rem
966 2786 1123 2868 publicam
1145 2783 1349 2865 deligendam,
1370 2802 1443 2848 eum

227 2890 359 2954 maiores
383 2890 431 2953 sui
453 2891 660 2971 philosophiae
687 2891 753 2955 eius
782 2909 906 2972 prorsus
936 2893 1071 2973 expertes
1101 2890 1141 2954 ab
1170 2908 1206 2954 ea
1234 2890 1363 2954 minime
1390 2889 1444 2953 ab·

227 2995 404 3058 erraverint.
451 2994 628 3060 Secundum
651 2995 805 3078 propriam
827 2997 922 3077 igitur
944 2996 1130 3060 sententiam
1158 3013 1249 3059 suam
1278 3013 1373 3077 supra
1394 3014 1445 3058 ex-

226 3100 360 3181 positam
395 3103 494 3163 orator
526 3101 656 3165 maiores
691 3120 763 3165 suos
794 3101 866 3165 inde
900 3102 939 3164 ab
973 3101 1089 3181 origine
1124 3100 1263 3164 omnium
1292 3101 1443 3164 virtutum

227 3205 390 3287 participes
413 3204 507 3270 luisse
530 3225 654 3287 operam
677 3206 731 3269 dat
759 3209 795 3269 ut
823 3205 1026 3281 demonstret,
1056 3224 1118 3286 qua
1147 3205 1184 3269 de
1212 3224 1245 3269 re
1274 3205 1314 3269 ef.
1338 3205 1355 3287 ᾗ
1381 3205 1443 3268 120

228 3299 387 3392 προσήκει
409 3311 479 3384 τοῖς
501 3297 761 3396 ἀμφισβητοῦσιν
790 3296 902 3395 ἀρετῆς
929 3297 1055 3386 εὐθὺς
1088 3296 1172 3372 ἀπὸ
1201 3305 1336 3393 γενεᾶς
1372 3308 1444 3372 δια-

228 3411 384 3500 φέροντας
418 3403 500 3476 εἶναι
533 3411 597 3477 τῶν
630 3401 734 3477 ἀλλων
757 3418 788 3478 et
817 3415 834 3497 ᾖ
861 3415 923 3477 123
957 3415 1007 3496 (de
1041 3415 1207 3478 maioribus
1242 3413 1364 3498 dieitur)
1399 3402 1444 3490 ιίις

228 3507 418 3594 ἀπάσαις
444 3520 538 3593 ταῖς
568 3506 739 3603 ἀρεταῖς
767 3516 824 3582 καὶ
847 3515 911 3581 τῶν
933 3509 1006 3582 τότε
1028 3517 1085 3582 καί
1107 3515 1171 3582 τῶν
1193 3514 1245 3582 νῦν
1267 3509 1443 3605 διήνεγκαν.

228 3623 286 3686 His
321 3623 446 3687 demum
481 3624 653 3687 constitutis
688 3624 764 3687 satis
798 3624 927 3706 perspiei
958 3627 1058 3706 potest
1088 3624 1161 3705 quid
1194 3626 1312 3706 speetet
1344 3627 1445 3688 orator

228 3747 301 3792 eum
324 3728 341 3811 ἓ
367 3729 429 3791 183
454 3732 552 3793 totam
574 3730 744 3793 orationem
766 3729 804 3793 de
826 3730 939 3793 virtute
960 3729 1014 3793 illa
1037 3729 1149 3793 animis
1172 3747 1191 3792 a
1213 3732 1325 3793 natura
1351 3729 1446 3794 insita

229 3851 295 3898 esse
318 3833 481 3915 praedioet.
527 3833 633 3909 Porro,
661 3838 733 3898 eum
760 3834 847 3898 Plato
876 3836 954 3898 solos
981 3834 1173 3916 philosophos
1203 3835 1320 3899 eivitati
1341 3835 1446 3898 luoem

229 3937 335 4002 afferre
358 3958 446 4020 posse
470 3939 643 4015 eontendat‚
661 3938 812 4004 Isocrates
835 3957 922 4019 reges
945 3940 999 4021 qui
1020 3939 1064 4003 rei
1086 3938 1226 4020 publicae
1242 3959 1261 4004 a
1275 3939 1447 4004 maioribus

229 4043 389 4108 institutae
412 4043 598 4126 praefuerint
621 4045 752 4108 summis
775 4043 862 4109 effert
884 4044 1027 4108 laudibus
1050 4045 1155 4126 eisque
1172 4045 1275 4108 deberi
1289 4044 1448 4128 praedicat

231 4149 313 4230 quod
334 4167 383 4213 res
409 4150 532 4231 publiea
554 4149 613 4213 illis
634 4150 822 4233 temporibus
846 4149 923 4214 bene
946 4148 1162 4214 administrata
1185 4149 1226 4214 sit
1249 4149 1278 4232 (ᾖ
1304 4150 1366 4213 138
1390 4146 1449 4214 τοῦ
