3102 4696
778 148 820 211 30

693 238 904 246 ——--.-—

191 347 434 442 διαλεκτικοίς).
483 357 569 437 Quae
599 360 664 422 sola
692 359 854 423 tradantur
877 379 895 422 a
919 359 1039 423 dicendi
1061 360 1216 439 magistris
1240 362 1270 423 et
1293 360 1409 422 artium

192 464 389 546 scriptoribus
412 465 618 527 instrumenta
641 468 673 528 et
694 468 876 528 cmamenta
900 465 1096 540 elocutionis,
1126 483 1161 528 ca
1189 465 1316 545 indigna
1345 483 1411 528 esse

192 573 295 634 censet
310 569 447 651 propriae
467 569 541 632 artis
565 564 731 654 ῥητορικῆς
746 569 869 633 nomiae
887 569 971 652 (ibid.
988 570 1052 633 266
1065 570 1192 632 δ--269
1207 569 1235 633 d.
1253 605 1293 614 -
1316 570 1378 632 269
1392 569 1412 632 b

192 665 233 738 τὰ
248 664 314 759 πρὸ
335 671 392 759 τῆς
413 669 522 758 τέχνης
544 659 704 756 ἀναγκαῖα
725 664 909 759 μαθήματα
929 668 1053 753 ἔχοντες
1074 664 1240 759 ῥητορικὴν
1257 661 1413 759 ᾠήθησαν

192 768 363 864 εὑρηκέναι,
387 777 443 841 καὶ
465 775 566 841 ταῦτα
589 769 628 864 δη
652 769 859 855 διδάσκοντες
881 765 997 855 άλλοος
1018 767 1169 865 ἡγοῦνταί
1185 798 1281 864 σφισι
1296 775 1414 854 τελέως

192 873 359 969 ῥητορικὴν
381 873 593 963 δεδιδάχθαι,
624 884 725 947 266d
754 880 828 959 πῶς
858 873 939 970 ηνῄς,·
967 873 1065 946 καλόν
1089 873 1156 947 ποτ’)
1191 907 1223 946 τι
1246 869 1285 946 dv
1315 876 1364 969 εἴη
1395 867 1414 945 ὃ

192 979 312 1053 τοάτων
342 977 550 1074 ἀπολειφθὲν
580 976 667 1069 ὅμως
693 979 1009 1073 τέχνηλαμβάνεται
1037 987 1130 1073 κτλ).
1184 989 1258 1052 Inde
1288 989 1414 1069 colligas

193 1096 292 1176 qualis
323 1094 452 1158 tandem
482 1094 509 1158 ei
538 1093 603 1158 visa
638 1095 677 1157 sit
712 1094 849 1158 doctrina
883 1094 1042 1170 Isocratis,
1079 1095 1132 1175 qui
1162 1095 1414 1176 pbilosophorum

193 1199 373 1263 subtilitatis
396 1218 520 1280 prorsus
543 1217 648 1280 expers
673 1189 770 1276 δόξας
791 1199 932 1263 laudaret
961 1203 992 1264 et
1020 1201 1190 1263 maximam
1217 1200 1250 1262 in
1280 1199 1414 1262 dictione

193 1307 286 1387 atque
309 1304 477 1368 elocutione
501 1304 661 1368 collocaret
683 1323 816 1386 operam.

282 1409 343 1474 Sed
365 1413 401 1472 ut
423 1428 457 1473 eo
480 1410 562 1472 unda
585 1409 716 1489 digressi
745 1428 854 1472 sumus
877 1411 1076 1485 revertamur,
1100 1409 1199 1489 magis
1222 1409 1318 1473 etiam
1340 1428 1417 1473 eon-

192 1515 334 1578 firmatur
357 1514 508 1578 sententia
531 1518 635 1578 nostra
658 1513 675 1596 ἓ
702 1515 761 1577 131
788 1534 843 1595 sq.‚
872 1514 926 1577 ubi
949 1514 1084 1578 Platonis
1108 1514 1278 1579 doctrinam
1301 1514 1413 1577 deduci

192 1621 224 1682 in
248 1619 515 1683 controversiam
507 1639 540 1682 m
561 1623 705 1701 promptu
720 1623 778 1683 est.
824 1619 970 1699 Legimus
994 1620 1076 1683 enlm
1097 1620 1156 1682 ibi:
1180 1601 1222 1704 ἣν
1246 1605 1360 1700 (scil’
1340 1641 1415 1704 αρι-

194 1718 397 1842 στοκρριτίαν)
427 1746 464 1786 οι
490 1719 562 1804 μὲν
588 1721 743 1843 πρλλοί
769 1713 1092 1809 χρησιμωτάτην
1126 1707 1247 1787 οὖσαν
1274 1712 1414 1804 ὥσπερ

192 1819 262 1915 την
283 1816 365 1891 άπὸ
387 1826 464 1891 τῶν
485 1818 731 1914 τιμημάτων
753 1824 793 1891 ἐν
814 1830 907 1904 ταῖς
935 1824 1185 1904 πολιτείαις
1207 1816 1413 1913 άριθμοῦ-

194 1954 275 2012 σιν,
313 1956 348 1997 ov
382 1921 426 1996 δι
460 1921 611 2014 άμαθίαν
644 1919 843 2017 άγνοοῦνιες,
879 1921 960 1996 data
994 1924 1050 1997 διὰ
1079 1925 1117 1997 τὸ
1147 1931 1248 2021 μηδεν
1275 1921 1411 1997 πώποτ

194 2026 304 2114 αοτοῖς
332 2035 469 2126 μελῆσαι
499 2035 563 2101 τῶν
593 2027 736 2100 δεόντων.
779 2028 842 2121 ἐγὼ
872 2034 909 2101 δὲ
940 2037 1024 2125 φημί
1053 2029 1112 2115 τὰς
1140 2035 1201 2120 μὲν
1227 2033 1318 2115 ἰδέας
1346 2035 1414 2101 τῶν

194 2141 369 2207 πολιτειῶν
396 2146 481 2229 τρεῖς
511 2133 593 2207 εἶναι
614 2133 723 2224 μόνας,
754 2129 947 2228 ὀλιγαρχίαν,
973 2139 1197 2229 δημοκρατίαν,
1225 2139 1410 2230 μοναρχίαν.

195 2249 283 2312 Plato
314 2249 397 2313 enim
426 2250 457 2312 in
487 2249 599 2330 dialogi
628 2249 666 2312 de
693 2248 810 2330 republ.
841 2248 917 2312 libro
948 2248 1032 2324 VIII,
1061 2250 1115 2313 ubi
1145 2250 1256 2330 cuique
1279 2249 1414 2313 ciuitatis

195 2353 311 2418 formae
340 2354 521 2437 respondere
556 2353 681 2436 exponit
713 2354 898 2436 peculiarem
928 2355 1065 2435 aliquam
1099 2355 1231 2418 heminis
1265 2354 1412 2429 indolem,

195 2463 316 2541 praeter
339 2460 488 2542 optimam
509 2459 596 2524 illam
619 2477 713 2540 quam
736 2459 824 2523 finxit
843 2459 998 2523 civitatem
1015 2477 1170 2540 quamque
1186 2460 1415 2524 aristocratiam

196 2565 334 2629 nomInat
357 2565 445 2643 (VIII
469 2565 565 2629 544c
593 2554 650 2626 τὸν
677 2559 737 2645 μὲν
768 2553 808 2647 δὴ
837 2560 876 2649 τῇ
905 2550 1136 2649 ἀριστοκρατίᾳ
1166 2551 1279 2644 ὅμοιον
1309 2563 1416 2650 διελη-

195 2659 340 2749 λύθαμεν
368 2655 439 2754 ἤδη)
472 2671 617 2750 quattuor
645 2687 754 2751 pravas
793 2672 912 2732 exstare
941 2669 1016 2732 dicit
1046 2669 1090 2732 rei
1124 2670 1263 2751 publicae
1299 2669 1415 2733 formas

196 2773 409 2850 timocratiam,
440 2773 647 2854 oligarchiam‚
677 2773 906 2850 democratiam,
930 2774 1127 2854 tyrannidem
1157 2773 1246 2856 (VIII
1269 2775 1331 2837 545
1350 2775 1369 2837 b
1385 2793 1414 2838 c.

196 2878 240 2941 IX
264 2880 326 2941 580
343 2879 385 2961 b).
430 2878 571 2941 Proxime
598 2878 637 2941 ad
659 2877 826 2960 perfectam
849 2879 1006 2943 civitatem
1029 2878 1172 2944 accedere
1195 2883 1299 2944 censet
1322 2879 1417 2942 timo-

196 2983 335 3059 cratiam‚
364 3002 437 3046 cum
465 2983 605 3066 tyrannis
634 2984 814 3064 longissime
843 2984 882 3046 ab
914 2984 980 3046 eius
1008 2984 1123 3048 virtute
1153 2984 1243 3048 absit.
1297 2983 1416 3063 Quam-

197 3107 292 3169 quam
314 3088 464 3152 Isoorates
487 3088 524 3151 de
548 3089 704 3152 communi
733 3088 843 3152 iudicio
867 3088 917 3152 hic
939 3088 1021 3170 loqui
1051 3089 1180 3165 videtur,
1212 3092 1318 3153 tamen
1333 3090 1415 3153 hanc

195 3193 295 3274 ipsam
318 3193 455 3258 Platonis
477 3194 705 3258 distinctionem
734 3193 762 3256 ei
784 3195 855 3257 ante
879 3194 982 3257 oeulos
1005 3213 1071 3257 esse
1099 3195 1293 3258 obversatam
1316 3194 1417 3258 nemi-

197 3316 268 3361 nem
296 3297 427 3378 effugiet.
480 3298 604 3363 Iltenim
635 3317 707 3362 eum
738 3298 795 3362 hoc
822 3299 886 3362 loco
916 3298 1091 3380 opinionem
1120 3299 1234 3363 indocti
1256 3299 1341 3380 vulgi
1364 3317 1417 3362 ca-

198 3403 311 3483 stigare
333 3404 465 3468 voluisse
495 3407 604 3486 putare
626 3405 768 3468 vetamur
789 3403 889 3467 verbra
920 3389 956 3466 οὗ
985 3388 1029 3465 δι’
1058 3390 1208 3484 άμαθίαν
1231 3392 1417 3488 ἀγνοοῦντες

197 3506 266 3570 κτλ.
318 3508 378 3571 Idos
401 3527 471 3572 vero
495 3509 578 3590 carpi
602 3508 654 3589 qui
677 3508 721 3572 rei
737 3508 876 3590 pubbcae
893 3508 941 3572 sel
964 3508 1171 3573 instituendae
1192 3510 1240 3572 vel
1262 3508 1416 3590 gerendae

197 3617 296 3679 artem
326 3613 444 3678 ratione
472 3632 533 3677 non
561 3632 621 3677 usu
651 3616 777 3677 teneant
799 3599 953 3697 ἀριθμεῖν
984 3613 1064 3694 quod
1089 3614 1128 3676 ad
1149 3614 1416 3678 ratiocinationem

196 3722 328 3786 refertur
364 3719 486 3783 videtur
522 3718 651 3782 iudicari
689 3713 743 3799 (ἐν
787 3719 860 3794 ταῖς
896 3712 1080 3794 πολιτείαις
1112 3704 1381 3803 άριθμοῦσιν)
1394 3723 1417 3782 ¹.

287 3911 468 3964 1Aristoteles
493 3912 520 3961 et
545 3909 599 3976 ipse
624 3908 815 3962 aristocratiam
839 3912 866 3961 et
889 3908 1065 3963 timueratiam
1089 3910 1154 3978 (sive
1178 3910 1309 3978 politiam)
1332 3910 1359 3962 in
1378 3911 1419 3964 rei

199 3999 320 4068 publicae
338 3999 430 4052 formis
448 3998 595 4050 numeravit
615 3997 643 4049 in
662 3996 724 4052 Eth.
743 3995 843 4050 Nicom.
864 3997 931 4050 VIII
951 3997 997 4064 12,
1017 3998 1085 4052 1160
1103 4015 1120 4052 a
1138 4000 1170 4052 31
1185 4013 1252 4066 sqq.:
1281 3995 1422 4054 πολιτείας

197 4081 222 4140 δ’
242 4089 317 4138 ἔστιν
335 4085 392 4151 sidu
415 4091 486 4154 τρία,
512 4085 569 4136 ’ίσαι
594 4083 624 4136 δὲ
648 4089 693 4134 καὶ
715 4079 902 4154 παρεκβάσεις,
929 4083 987 4135 οἷον
1005 4085 1110 4155 φθοραὶ
1133 4082 1253 4137 τούτων·
1273 4086 1325 4136 εἰσὶ
1343 4078 1368 4136 δ’
1387 4085 1422 4136 αἱ

197 4179 248 4243 μὲν
264 4173 397 4228 πολιτεῖαι
414 4171 539 4241 βασιλεία
563 4178 656 4224 τεκαὶ
674 4166 873 4242 ἀριστοκρατία,
900 4177 978 4242 τρίτη
999 4165 1024 4224 δ’
1042 4165 1059 4238 ἡ
1080 4165 1135 4226 dab
1153 4168 1320 4241 τιμημάτων,
1340 4165 1358 4238 ἣ
1375 4192 1420 4223 τι-
