3102 4696
751 150 791 212 37
1057 133 1074 174 r
1117 168 1120 175 .

160 361 307 427 laudibus
330 345 429 426 efferri
450 361 580 447 maiores
604 361 643 424 ab
665 361 798 440 oratore,
828 358 915 422 facile
938 377 972 422 eo
996 359 1181 423 adducimur
1210 362 1246 423 ut
1272 360 1376 424 creda·

160 487 232 533 mus
261 469 343 531 huuc
376 467 408 530 id
443 466 602 548 praecipue
633 465 751 530 afficere
779 465 911 528 voluisse
941 464 1168 529 Panathenaico
1198 468 1235 529 ut
1263 465 1375 530 falsam

159 575 249 638 illam
271 572 516 637 criminationem
538 571 782 636 adversariorum
805 589 931 634 suorum
954 570 1083 634 dilueret
1104 573 1135 634 et
1155 589 1233 652 quae
1249 571 1377 636 obsiste-

160 681 230 743 rent
252 677 416 761 quominus
439 677 529 742 laude
557 695 618 759 qua
648 677 759 757 dignus
789 679 871 740 esset
900 676 1049 757 potiretur
1078 677 1207 740 tolleret.
1254 677 1321 742 Hoc
1344 698 1376 743 ra

160 803 233 849 vera
254 783 387 866 proposit
388 802 442 847 um
472 782 530 847 sibi
558 801 625 847 essa
647 781 777 846 orator
769 800 834 864 ipse
856 781 939 846 videt
939 799 977 844 ur
1005 781 1176 860 significare
1204 783 1252 846 his
1275 784 1375 848 verbis

159 890 176 972 ξ
201 891 243 953 37
267 908 330 971 sq:
360 875 464 951 dtr*
454 875 542 969 όμως
570 873 660 951 oddar
687 872 857 967 μᾶλλον
836 881 1042 949 αποστατέον
1069 872 1173 950 αὐτῶν
1196 883 1283 950 ἐστιν
1305 875 1375 952 ἇλλ

160 979 447 1072 ἑπιτελεστὲον,”
427 1016 464 1079 ην
485 1014 548 1078 περ
572 987 621 1056 ἔτι
651 987 704 1077 ζῆν
732 988 936 1078 δυνηθῶμεν,
967 976 1073 1068 ώλλως
1098 1014 1133 1055 τε
1162 990 1219 1056 καὶ
1244 990 1376 1058 πολλῶν

157 1122 199 1182 με
227 1088 468 1185 παροξονοντων
497 1089 631 1186 γράφειν
653 1086 785 1161 adedo.
876 1145 899 1178 ,
923 1119 1056 1160 παντων
1085 1094 1122 1161 δὲ
1149 1089 1358 1180 μάλιστα
1318 1123 1376 1187 της

157 1195 346 1292 ἡλικίας
307 1226 364 1290 της
386 1222 565 1289 παροοσης,
584 1187 700 1289 probo
721 1146 850 1280 ditione.
851 1199 996 1290 admorsu
1010 1191 1226 1324 ἀποτρέπειν·
1252 1199 1376 1284 ἐλπίζω

158 1296 277 1396 γάρ,
257 1333 294 1396 ην
315 1306 375 1391 μὲν
396 1299 615 1394 κατορθώσω,
646 1305 746 1390 μείζω
768 1299 939 1393 λήψεσθαι
962 1299 1122 1386 δόξαν
1083 1332 1140 1395 της
1161 1298 1373 1398 οπαρχοώσης.

158 1415 287 1480 Fatetur
302 1416 384 1481 enim
399 1416 455 1479 hoc
470 1416 534 1479 loco
555 1417 655 1479 orator
676 1433 708 1478 se
729 1414 760 1477 id
781 1415 927 1495 consequi
948 1417 1131 1478 conaturum
1155 1418 1375 1483 assectatione

158 1541 216 1586 sua
246 1523 284 1585 ut
313 1523 413 1585 aetate
446 1521 535 1600 longe
565 1522 725 1602 provectus
755 1517 869 1600 gloriae
901 1538 1000 1601 usque
1030 1519 1070 1583 ad
1103 1520 1135 1583 id
1164 1522 1287 1604 tempus
1316 1524 1375 1588 sibi

158 1627 327 1708 denegatae
349 1626 476 1690 tandem
498 1627 553 1689 fiat
574 1626 736 1708 particeps,
781 1625 849 1688 Iam
871 1627 908 1689 ut
935 1644 1002 1690 rem
1025 1627 1284 1708 complectamur‚·
1307 1648 1376 1710 pro-

157 1732 255 1796 oemio
278 1750 439 1796 censemus
461 1733 613 1795 oratorem
636 1730 754 1794 animos
776 1730 946 1811 legentium
968 1749 1150 1813 praeparare
1173 1732 1305 1796 voluisse
1335 1734 1375 1797 ad

157 1836 319 1924 eonsilium
347 1836 429 1919 quod
451 1838 510 1900 bac
531 1837 667 1900 oratione
697 1836 756 1900 sibi
777 1836 984 1918 proposuisset
1011 1839 1093 1902 recte
1123 1837 1374 1918 intellegendum,

156 1944 201 2007 ita
229 1961 299 2006 vero
329 1944 366 2006 ut
396 1959 490 2024 quam
521 1942 601 2005 male
639 1944 670 2006 et
698 1941 810 2006 iniuste
839 1941 1005 2006 adversarii
1036 1942 1073 2006 de
1104 1961 1136 2006 11
1167 1943 1376 2010 existimarent

157 2067 308 2131 exponens
331 2047 412 2112 cives
435 2065 506 2111 suos
530 2047 569 2111 ab
591 2047 651 2111 illis
675 2047 825 2112 alienaret
847 2047 966 2129 sibique
992 2047 1167 2114 conciliaret
1197 2051 1228 2113 et
1257 2051 1375 2114 attente

157 2153 354 2218 audientibus
376 2153 414 2217 iis
442 2155 589 2217 uteretur.
635 2153 685 2216 Ita
712 2153 795 2216 enim
822 2152 999 2235 accipienda
1021 2153 1165 2218 videntur
1192 2173 1259 2218 esse
1280 2155 1374 2220 verba

156 2259 174 2342 ξ
199 2260 219 2322 6
241 2249 400 2341 βούλομαι
424 2241 477 2322 οὖν
498 2253 775 2344 προδιαλοχθῆναι
797 2255 874 2343 περὶ
896 2245 925 2320 τ’
955 2253 1094 2338 ἕμαοτοῦ
1122 2256 1178 2321 καὶ
1206 2256 1283 2345 περὶ
1310 2255 1374 2324 τών

158 2350 241 2443 οὕτω
270 2353 354 2449 πρός
382 2385 423 2445 με
454 2358 673 2443 διακειμένων,
704 2349 755 2442 ἵν’,
786 2347 823 2448 ἥν
853 2384 927 2438 πως
958 2350 1027 2439 οἷός
1053 2385 1088 2427 τε
1117 2360 1268 2448 γένωμαι,
1299 2355 1374 2443 τοὺς

156 2465 217 2551 μὲν
239 2460 355 2532 παίσω
378 2464 655 2556 βλασφημοῦντας,
678 2457 753 2544 τοὺς
779 2455 808 2531 δ
838 2461 958 2532 εἰδέναι
985 2458 1116 2555 ποιήσω
1144 2468 1221 2552 περὶ
1250 2453 1272 2532 δι’
1298 2493 1373 2556 τογ-

156 2565 241 2654 χάνω
265 2569 447 2660 διατρίβων.
493 2572 672 2651 Orationem
695 2592 765 2638 vero
788 2574 889 2655 ipsam
917 2592 951 2638 eo
981 2576 1118 2656 spectare
1140 2575 1314 2640 iudicamus
1336 2578 1374 2640 ut

157 2679 316 2755 Isocrates,
339 2679 473 2744 laudatis
495 2679 649 2744 maiomm
671 2679 837 2743 virtutibus
860 2697 955 2761 quam
977 2680 1096 2744 alienus
1119 2680 1160 2744 sit
1187 2699 1206 2744 1
1236 2684 1372 2746 oontem-

155 2784 258 2850 ncnda
278 2803 384 2849 eorum
406 2785 583 2849 educatione
603 2785 774 2861 ostendens,
789 2784 876 2848 illam
897 2784 1104 2866 sophistarum
1125 2785 1372 2851 criminationem

155 2889 276 2955 refellat
299 2893 330 2954 1
351 2893 443 2954 men
444 2908 496 2953 am
518 2890 647 2971 gloriam
676 2891 717 2953 ad
744 2889 774 2952 id
804 2891 926 2972 tempus
950 2891 989 2954 ab
1012 2890 1266 2956 obtrectatoribus
1289 2892 1372 2956 frau-

156 2995 264 3058 datam
286 2998 453 3077 consequat
453 3014 499 3059 ur.
539 2995 625 3060 Haeo
646 3014 703 3059 nos
705 2997 754 3058 tra
705 2995 814 3058 tde
836 2995 954 3059 ratione
976 2995 1197 3060 Panathenaioi
1220 3015 1273 3061 sen
1274 2998 1371 3061 tentia

155 3101 283 3180 5272,
315 3118 374 3182 quo
402 3101 467 3164 loco
500 3100 574 3182 quid
608 3100 666 3164 sibi
695 3099 769 3164 velit
803 3100 898 3164 oratio
933 3118 990 3164 sua
1020 3101 1126 3182 paucis
1157 3104 1370 3184 complectitur

155 3205 316 3282 Isocrates,
334 3205 456 3270 videtur
478 3206 662 3282 confirmari,
685 3224 757 3269 oum
779 3206 862 3270 dicat
885 3224 917 3270 se
940 3205 1128 3270 adversarios
1152 3224 1223 3272 suos
1246 3227 1369 3273 monere

156 3311 287 3375 voluisse
309 3329 349 3376 ne
373 3311 503 3394 amplius
526 3329 599 3376 vera
627 3329 694 3376 1111
716 3311 829 3375 iudicia
853 3311 1018 3376 stultorum
1040 3312 1203 3376 bominum
1225 3316 1370 3395 putarent

155 3434 232 3479 neve
262 3416 299 3480 de
329 3416 378 3480 his
408 3434 488 3497 quae
518 3417 641 3481 omniuo
669 3417 844 3498 ignorarent
873 3420 988 3481 temere
1008 3417 1253 3500 'pronuntiarent
1276 3417 1370 3501 (συμ-

154 3515 325 3602 βουλεῦσαι
355 3517 393 3584 δὲ
421 3521 492 3596 τοῖς
519 3507 672 3584 τάναντία
699 3512 820 3586 τοώτων
847 3512 1061 3606 γιγνώσκωσι
1088 3519 1218 3607 πρώτον
1244 3519 1304 3604 μὲν
1324 3514 1369 3610 μὴ

155 3615 320 3689 πιστεύειν
346 3628 420 3702 ταῖς
453 3613 556 3689 αντῶν
585 3616 727 3711 γνώμαις
759 3623 841 3713 μηδὲ
869 3621 1008 3708 νομίζειν
1035 3614 1230 3714 ἀληθεῖς
1200 3649 1283 3691 ειναι
1310 3618 1370 3706 τὰς

155 3724 277 3848 κρίσεις
298 3721 357 3807 τὰς
379 3720 445 3794 οπὸ
467 3727 531 3795 τών
553 3722 782 3855 ῥαθρμοοισων
792 3727 1006 3856 γιγνομένας,
1035 3726 1151 3796 ἔπειτα
1172 3722 1217 3820 μὴ
1240 3724 1368 3818 προπε-

52 3913 56 3924 ρ
154 3830 219 3911 τώς
240 3823 492 3922 ἆποφαινεσθαι
515 3835 591 3922 περὶ
614 3817 658 3899 ών
681 3823 811 3900 οὗδεν”
794 3855 910 3915 ισασιν,
934 3825 1016 3900 dila
1039 3834 1220 3923 περιμένειν
1244 3861 1304 3915 εως
1329 3863 1369 3901 αν

155 3931 331 4026 ὁμονοῆσαι
360 3937 525 4029 δυνηθῶσι
554 3944 625 4018 τοῖς
651 3938 716 4005 τῶν
745 3939 1013 4024 ἐπιδεικνυμένων
1040 3933 1213 4029 πολλὴν’
1197 3965 1369 4029 εμπειριαν

156 4041 304 4130 rigovera).
356 4047 400 4112 Ut
433 4050 539 4112 autem
571 4048 628 4112 boc
662 4049 765 4130 ipsum
794 4048 929 4112 efficeret
961 4051 998 4111 111
1030 4049 1111 4112 11111
1144 4050 1177 4112 in
1210 4052 1368 4131 posterum

154 4153 268 4218 rectius
291 4153 329 4217 de
352 4173 385 4218 se
407 4153 579 4218 iudicarent
600 4172 700 4235 neque
722 4153 855 4236 amplius
880 4153 1153 4219 calumniatoribus
1173 4173 1262 4221 aures
1281 4173 1368 4237 prae-
