3102 4696
736 166 778 226 23

148 375 295 457 inscripta
307 379 327 450 ¹,
356 375 409 438 ubi
432 375 490 438 loci
523 375 691 438 afferuntur
713 395 749 438 ex
772 375 915 440 Isocratis
942 376 1073 457 scriptio,
1098 375 1209 456 quibus
1233 393 1305 438 cum
1328 375 1365 438 de

147 481 291 545 omnibus
316 480 479 545 Socraticis
502 485 571 544 tum
594 481 631 545 de
655 481 781 546 Platone
804 482 1005 564 contemptim
1027 481 1079 544 ille
1109 480 1256 544 iudicant
1302 480 1365 543 lso·

148 589 248 652 crates
272 587 364 661 enim,
387 605 459 650 oum
482 586 584 650 omnia
615 586 655 649 ad
684 587 766 651 vitae
796 606 890 650 usum
912 587 1046 661 referret,
1069 586 1276 650 alienissimus
1299 588 1366 648 erat

148 712 168 756 a
190 691 379 774 philosophia
403 710 481 773 quae
503 693 537 754 in
559 710 662 755 rerum
686 693 940 783 contemplatione
962 694 1116 765 versatum
1141 691 1194 754 sed
1217 710 1289 755 eum
1312 709 1366 773 ap-

148 799 284 882 pellabat
305 797 519 879 philosophum
542 799 595 878 qui
618 797 781 879 prudentia
804 798 962 879 praeditus
985 799 1077 861 rebus
1093 797 1224 879 publicis
1248 800 1279 861 et
1301 798 1365 860 suis

147 903 262 985 optime
286 904 442 966 consulere
464 905 576 984 posset.
628 902 737 984 Itaque
767 903 971 984 nequicquam
1000 903 1124 966 dubitat
1152 905 1251 966 artem
1274 921 1365 965 suam

148 1009 272 1072 nomine
302 1007 508 1089 philosophiae
538 1027 654 1072 ornare.
707 1007 899 1072 Sententiam
929 1012 1035 1072 autem
1064 1027 1154 1071 suam
1186 1007 1223 1072 de
1251 1009 1310 1071 hac
1332 1027 1364 1071 re

146 1113 322 1196 planissime
346 1109 458 1195 profert
480 1113 512 1175 in
536 1113 670 1176 oratione
699 1113 736 1176 de
757 1114 985 1196 permutatione
1019 1113 1036 1196 ἓ
1061 1114 1122 1177 271
1149 1133 1213 1194 sqq.
1264 1112 1367 1194 Negat

148 1219 243 1300 igitur
264 1219 306 1281 ibi
329 1221 435 1300 aptam
465 1237 532 1282 esse
562 1220 706 1281 naturam
736 1220 907 1282 humanam
936 1219 975 1283 ad
999 1237 1068 1282 eam
1090 1219 1293 1299 cognitionem
1316 1237 1367 1282 ac-

150 1323 329 1406 quirendam
352 1342 413 1404 qua
435 1324 578 1387 instructi
601 1324 736 1388 sciamus
759 1324 833 1405 quid
855 1323 1030 1388 faciendum
1047 1327 1102 1388 aut
1124 1324 1288 1388 dicendum
1308 1323 1364 1398 sit3

148 1447 202 1510 pro
223 1429 281 1492 hao
304 1448 361 1492 sua
384 1429 535 1493 sententia
559 1429 696 1511 disputat
718 1433 823 1493 contra
846 1429 1005 1493 Platonem
1030 1429 1101 1510 (vid.
1118 1429 1239 1509 Protag.
1264 1429 1364 1492 3611)

149 1523 193 1610 αῖς
214 1523 323 1596 πάντα
344 1523 489 1619 χρήματα
524 1530 612 1596 ἐστίν
641 1525 806 1620 ἐπιστήμη
939 1515 965 1619 ᾧ
994 1523 1107 1619 τρόπφ
1129 1521 1294 1614 μάλιστ’
1318 1519 1365 1596 dv

148 1629 344 1702 διδακτὸν
367 1633 514 1726 φανείη
536 1628 556 1724 ἦ
578 1626 714 1726 ἀρετή)
738 1641 886 1704 virtutem
909 1639 1008 1708 doceri
1031 1639 1153 1704 omnino
1176 1659 1238 1703 non
1260 1658 1364 1721 posse;

147 1746 211 1808 iam
235 1733 358 1830 σόφους
380 1763 430 1808 eos
454 1748 558 1809 censet
580 1745 633 1826 qui
655 1745 879 1826 opinationibus
902 1747 1081 1828 plerumque
1104 1745 1255 1827 optimum
1278 1745 1366 1826 quid·

148 1870 207 1932 qne
230 1849 353 1931 assequi
374 1851 501 1931 possint,
525 1840 728 1937 φιλοσόφους
756 1854 861 1915 autem
888 1852 942 1932 qui
962 1853 1123 1916 versentur
1144 1851 1176 1913 in
1206 1851 1243 1913 iis
1271 1849 1364 1914 rebus

148 1955 260 2037 quibus
283 1955 439 2019 celerrime
461 1957 557 2019 talem
572 1956 769 2038 prudentiam
786 1956 957 2037 acquirant.
1002 1956 1068 2020 Hoc
1084 1955 1203 2020 dicendi
1226 1955 1364 2020 studium

146 2080 213 2126 esse
243 2061 379 2124 declarat
405 2060 424 2123 l.
455 2080 480 2125 o.
514 2051 629 2147 ἐπειδὴ
658 2051 718 2146 γὰρ
746 2047 818 2124 οόκ
850 2055 1005 2124 ἔνεστιν
1034 2057 1073 2122 ἑν
1100 2056 1145 2146 τῇ
1169 2050 1290 2147 φόσει
1319 2055 1366 2146 τῇ

146 2161 220 2228 τῶν
242 2152 470 2250 ἀνθρώπων
494 2156 719 2252 ἐπιστήμην
740 2165 882 2248 λαβεῖν
903 2149 940 2252 ἢν
963 2160 1086 2244 ἐγοντες
1107 2151 1146 2228 dv
1161 2159 1298 2246 εἰδεῖμεν
1313 2152 1365 2228 ότι

149 2267 312 2354 πρακτέον
333 2257 353 2356 ἢ
375 2267 504 2334 λεκτέον
533 2265 629 2349 ἐστίν,
662 2268 699 2333 ἑκ
727 2267 792 2334 τῶν
820 2267 947 2334 λοιπῶν
976 2261 1130 2358 σοφοὺς
1158 2267 1218 2351 μὲν
1245 2264 1365 2351 νομίζω

143 2365 219 2451 τοὺς
239 2377 311 2451 ταῖς
333 2365 476 2454 δόξαις
499 2365 721 2460 ἐπιτυγχάνειν
743 2365 787 2452 ὠς
810 2371 869 2438 ἐπὶ
892 2366 930 2438 τὸ
952 2366 1037 2439 πολὺ
1052 2372 1108 2439 τοῦ
1122 2370 1290 2457 βελτίστου
1309 2373 1364 2438 δυ-

145 2475 312 2560 ναμένους,
346 2470 609 2568 φιλοσόφους
637 2477 674 2544 δὲ
696 2472 771 2557 τοὺς
794 2477 827 2543 ἐν
855 2470 981 2557 τοότοις
1011 2474 1234 2565 διατρίβοντας
1264 2477 1301 2558 ἐξ
1322 2461 1366 2542 ὧν

142 2575 280 2664 τάχιστα
308 2576 469 2672 λήψονται
495 2577 551 2673 τὴν
581 2577 730 2673 τοιαόυην
759 2577 912 2674 φρόνησιν
945 2584 1014 2648 κτλ,
1072 2585 1174 2664 Quam
1202 2586 1364 2650 verborum

144 2685 249 2777 σοφία
271 2695 302 2756 et
325 2686 507 2778 metonomia
522 2693 803 2774 interpretationem
819 2692 858 2757 ad
874 2692 1010 2756 Platonis
1026 2692 1203 2756 Phaedmm
1218 2693 1363 2773 spectare,

143 2797 197 2859 ubi
226 2817 256 2878 p.
288 2797 396 2861 arad
434 2816 558 2879 prorsus
589 2799 650 2861 alia
679 2817 786 2862 eorum
813 2799 974 2862 verborum
1009 2797 1143 2861 definitio
1179 2796 1362 2860 inveniatur,

140 2905 223 2966 recte
245 2902 333 2966 docet
357 2901 568 2985 Spengeliusi.
620 2903 721 2983 Magis
750 2903 844 2966 etiam
865 2903 1026 2985 perspicua
1052 2903 1087 2966 fit
1119 2902 1272 2966 sententia
1294 2921 1362 2965 ora-

142 3007 233 3082 toris,
265 3007 292 3070 si
325 3026 540 3089 comparamus
570 3011 645 3072 orat.
670 3009 707 3072 de
731 3009 856 3090 sophist.
886 3007 922 3090 ἐξ
949 3007 1048 3082 1-8,
1089 3007 1142 3070 ubi
1174 3025 1225 3070 eos
1256 3007 1363 3088 quiin

143 3111 216 3175 rixis
240 3115 402 3176 versentur
419 3106 464 3194 (oi
487 3109 563 3198 περί
586 3103 645 3189 τὰς
668 3107 776 3197 ἔριδας
798 3106 1027 3197 διατρίβοντες)
1045 3112 1169 3176 mentiri
1184 3111 1259 3176 dicit
1282 3112 1363 3193 quod

235 3379 244 3408 ¹
264 3373 395 3428 Abhandl.
416 3375 441 3429 d.
460 3375 520 3446 Kgl.
542 3375 632 3442 Bayer.
655 3375 736 3428 Alad.
757 3376 781 3428 d.
801 3376 841 3431 W.
862 3375 938 3430 1855.
957 3391 981 3442 p.
1002 3375 1053 3429 728
1066 3390 1121 3442 sqq.

235 3483 246 3514 2
265 3479 306 3533 Of.
325 3481 404 3533 etiarn
424 3479 570 3534 Reinhardt
588 3479 619 3533 de
637 3479 760 3533 Isocratis
779 3482 889 3534 aemulis
907 3497 931 3548 p.
952 3481 985 3536 29
998 3497 1052 3548 sqq.

233 3585 290 3636 ³L.
311 3601 332 3639 o.
352 3602 377 3652 p.
397 3587 456 3640 752.
488 3615 519 3624 —
540 3585 626 3638 Verba
645 3585 763 3638 Platonis
781 3585 844 3638 haec
862 3589 937 3638 sunt:
967 3587 991 3636 εἰ
1008 3589 1060 3656 μὲν
1078 3579 1154 3640 etate
1172 3571 1189 3656 ᾗ
1206 3579 1238 3636 τὸ
1259 3578 1361 3649 elaces

144 3675 199 3740 diget
218 3673 352 3737 συνέθηκε
370 3672 463 3735 ταῦτα,
490 3678 535 3724 καί
563 3676 633 3740 ε’γων
649 3674 775 3740 βοηθεῖν,
796 3674 832 3728 εἰς
850 3671 959 3744 ὲλεγχον
978 3667 1027 3724 ἰών
1044 3678 1106 3743 περὶ
1124 3658 1163 3723 οἷον
1182 3675 1294 3743 ἔγραφε,
1319 3678 1364 3724 καὶ

142 3757 228 3830 λέγων
247 3753 326 3814 αὐτὸς
344 3754 458 3815 δυνατός
474 3754 510 3812 τα
529 3767 700 3832 γεγραμμένα
720 3759 808 3830 φαῦλα
828 3754 977 3821 ἀποδεῖξαι,
1003 3754 1032 3812 οὗ
1050 3779 1077 3812 τι
1098 3757 1184 3811 ταῖνδε
1210 3763 1365 3827 ἐπωνυμίαν

144 3851 243 3914 ε”γοντα
261 3846 304 3900 δεῖ
320 3845 452 3917 λέγεσθαι
470 3842 519 3899 τόν
536 3848 667 3910 τοιοῦτον,
688 3841 743 3900 ἀλλ’
764 3841 805 3918 ἐφ’
825 3847 863 3903 oie
881 3845 1046 3900 ἐσπαόδακεν
1065 3851 1179 3898 ἐκείνων.

235 3939 310 3985 ΦΑῙ.
352 3941 429 3990 Τίνας
448 3922 495 3987 σόν
512 3929 560 3990 τὰς
579 3939 731 4003 ἐπωνυμίας
749 3929 821 4000 αὐτῷ
839 3941 942 4002 νέμειε;

232 4025 289 4073 ΣΩ.
331 4016 365 4074 Τό
390 4027 441 4090 μὲν
465 4019 585 4093 σοφόν,
612 4023 634 4074 ὠ
664 4021 774 4093 Φαῖδρε,
802 4021 892 4074 καλεῖν
920 4025 1009 4093 ἔμοιγε
1030 4027 1099 4092 μέγα
1128 4021 1198 4072 εἶναι
1225 4020 1299 4073 δοκεῖ
1321 4028 1366 4072 καί

145 4107 205 4174 θεῷ
222 4105 297 4176 μόνῳ
315 4114 440 4179 πρέπειν
465 4104 497 4161 τὸ
515 4108 546 4162 δὲ
570 4104 587 4175 ἢ
612 4106 809 4180 φιλόσοφον
833 4103 992 4175 ἢτοιοῖντόν
1009 4127 1035 4160 τι
1053 4104 1154 4176 μᾶλλόν
1178 4127 1209 4160 τε
1233 4103 1268 4158 (ἲν
1293 4093 1366 4173 αι’πῷ

145 4188 275 4266 ἁρμόττοι
293 4201 338 4247 καί
360 4194 556 4267 ἐμμελεστέρωε
574 4199 638 4264 tyci.
