3102 4696
167 352 295 431 quentcs
325 347 438 428 ubique
469 346 664 428 agnoscimus
692 347 929 428 Theopompum.
977 346 1101 428 Optime
1130 348 1212 410 enim
1243 347 1385 411 convenit

165 474 238 519 cum
260 454 297 518 iis
321 472 399 534 quae
428 454 466 518 de
495 454 552 517 hcc
580 452 746 516 memoriae
776 452 891 516 tradita
914 455 988 518 suut
1010 452 1091 534 quod
1121 452 1270 518 Isocrates
1294 453 1384 516 disci·

134 568 137 573 ’
164 561 273 643 pulum
294 560 397 623 virum
420 578 486 624 esse
515 577 617 623 aorem
646 561 677 622 et
663 558 880 622 tmultarum
909 577 1012 622 rerum
1035 559 1170 641 peritum
1199 559 1268 622 ει
1260 579 1293 622 ιιι
1316 561 1383 623 arte

164 666 295 730 oratoria
317 685 380 730 ιιοιι
399 665 502 728 minus
524 664 726 729 exercitatum
747 683 841 747 quarn
863 665 1001 746 quemvis
1019 665 1238 783 discipulorum
1255 683 1381 729 suorum

163 773 262 838 verbis
278 772 325 836 his
346 757 684 854 §castrametata
707 761 811 834 εἰπιόν
833 767 989 851 κατέσχον
1012 761 1097 856 πρὸς
1119 793 1154 833 ον
1175 793 1249 846 τους
1270 760 1385 854 λόγους

165 868 342 964 έποιοόμην
370 861 470 962 ανδρα
498 866 602 940 δεινὸν
624 872 680 939 καλ
703 871 877 940 northw
855 899 1010 962 εμπειρον
1032 874 1119 940 καὶ
1111 873 1188 962 περὶ
1215 866 1254 940 τό
1280 873 1384 960 λέγειν

165 979 417 1070 γεγυμνασμένον
439 969 564 1059 οόδενός
584 963 679 1069 ἧττον
700 978 763 1045 τῶν
787 978 860 1064 ε’μοὶ
883 971 1165 1069 πεπλησιακότων.
1211 983 1255 1047 Ut
1277 983 1385 1046 mitta-

164 1109 235 1155 mus
258 1108 369 1172 parum
400 1089 469 1152 dist
449 1092 544 1152 tincta
512 1089 625 1152 tilla
646 1090 740 1154 verba
771 1073 871 1174 όνδρα
901 1079 1019 1166 δεινόν,
1047 1090 1191 1171 equibus
1222 1089 1255 1152 id
1283 1089 1385 1153 solum

165 1198 311 1279 appareat
341 1194 526 1277 discipulum
554 1195 638 1260 haud
666 1194 852 1260 mediocrem
881 1195 976 1260 fuisse
1002 1195 1121 1271 virum,
1153 1194 1384 1276 Theopompum

164 1303 335 1367 multarum
350 1320 454 1366 rerum
469 1300 691 1382 peritissimum
714 1296 863 1383 (πολλῶν
879 1295 1048 1386 ἔμπειρον)
1072 1301 1167 1364 fuisse
1181 1301 1246 1364 iam
1262 1301 1383 1365 dictum

166 1412 228 1483 est;
264 1427 336 1472 oum
367 1406 478 1471 iudicio
508 1425 578 1471 vero
613 1407 694 1488 quod
723 1407 813 1471 tertio
847 1407 913 1471 loco
943 1407 1056 1488 legitur
1091 1403 1186 1492 (περὶ
1214 1395 1253 1468 τὸ
1281 1401 1385 1490 λέγειν

166 1510 418 1600 γεγυμνασμένον
448 1499 573 1589 οὐδενός
602 1493 696 1599 ἧττον
724 1507 789 1575 τῶν
819 1507 892 1594 ε’μοί
922 1502 1213 1598 πεπλησιακότων)
1246 1511 1385 1579 conferas

84 1608 86 1612 ’
166 1621 259 1684 velim
293 1618 394 1683 Photii
427 1619 536 1694 verba,
572 1619 624 1700 qui
653 1619 692 1682 ad
726 1619 854 1684 verbum
885 1637 980 1700 paene
1014 1618 1098 1683 idem
1130 1617 1243 1701 profert
1277 1619 1314 1682 dc
1337 1637 1386 1683 eo-

166 1723 237 1790 de'm
264 1745 294 1807 p.
310 1726 375 1788 206
403 1743 475 1788 cum
506 1725 580 1789 dicit
610 1711 736 1801 σόιλενός
766 1719 831 1787 τῶν
860 1711 1086 1809 Ἰσοκρατικῶν
1108 1718 1155 1800 εἰς
1176 1714 1250 1800 τοὺς
1272 1713 1386 1807 λόγους

165 1818 364 1914 ἀτιμότερος.
420 1831 513 1894 Ροιιο
547 1829 686 1894 videmus
720 1830 905 1912 discipulum
938 1850 1000 1895 ιιοιι
1030 1831 1127 1895 vereri
1161 1829 1233 1912 quid
1269 1830 1386 1894 sentiat

166 1940 269 2019 aperte
300 1936 399 2000 dicere
434 1934 484 2017 (ct.
514 1937 532 2018 ξ
563 1936 627 1999 218
662 1924 991 2022 παρρησιασόμενον);
1027 1936 1142 2018 5235.
1165 1937 1247 2000 enim
1277 1935 1385 2000 laudes

166 2043 278 2126 quibus
318 2044 444 2106 ornetur
484 2042 633 2123 magister
677 2061 695 2106 a
735 2042 893 2125 discipulis
933 2041 1098 2106 vilissimas
1138 2060 1204 2106 essa
1239 2042 1386 2108 admonet

165 2149 335 2213 Isocratem
378 2138 584 2230 (συμβοόλοις
624 2145 701 2234 περὶ
742 2142 799 2211 τοῦ
835 2136 931 2232 λόγου
968 2138 1154 2233 χρησασθαι
1192 2137 1386 2229 βουλόμενος

167 2243 250 2340 ἡμᾶς
279 2242 464 2338 σονήγαγες,
501 2235 553 2330 σός
587 2240 680 2317 οἶσθ’
714 2240 857 2337 α’κριβῶς
890 2241 980 2316 ἅπαν
1012 2241 1063 2317 ὅτι
1095 2239 1134 2318 dv
1168 2243 1207 2316 σὺ
1239 2250 1334 2340 λέγῃς
1365 2239 1386 2316 ό

166 2349 311 2445 πράττῃς
334 2354 561 2442 ἐπαινοῦντας)
585 2361 616 2424 et
646 2359 745 2441 §250
775 2359 866 2423 libere
895 2359 1076 2442 pronuntiat
1106 2377 1138 2424 se
1160 2361 1269 2442 putare
1292 2359 1387 2424 Lace-

167 2466 341 2530 daemonios
371 2465 515 2530 Isocratis
547 2465 698 2529 orationes
728 2465 803 2528 nihil
834 2484 900 2530 esse
931 2467 1090 2529 curaturos
1121 2460 1190 2547 (νῖν
1219 2453 1250 2528 δ’
1275 2455 1387 2547 οῖομαι

167 2561 242 2648 τοὺς
262 2567 322 2652 μέν
344 2564 518 2646 πλείστους
543 2566 757 2654 Σπαρτιατῶν
786 2566 932 2652 ἐμμενεῖν
960 2571 1030 2646 τοῖς
1052 2555 1168 2657 ἤθεσιν
1191 2559 1308 2656 οἷσπερ
1329 2569 1387 2634 καὶ

167 2668 223 2741 τὸν
244 2663 341 2742 όὶλλον
369 2667 489 2761 χρόνον,
520 2677 591 2752 τοῖς
619 2673 656 2739 δέ
682 2665 792 2760 λόγοις
819 2677 892 2752 τοῖς
915 2665 1035 2740 ἐνθάδε
1058 2672 1274 2764 γραφομένοις
1297 2663 1388 2740 οὐδὲν

167 2779 289 2866 μᾶλλον
317 2777 488 2867 προσέξειν
515 2771 570 2845 τόν
598 2777 669 2846 ναόν
702 2767 723 2866 ’ἢ
749 2783 819 2858 τοῖς
847 2775 909 2860 ἔξω
943 2777 1007 2845 τῶν
1033 2771 1229 2867 Ἡρακλέους
1264 2777 1387 2869 στηλῶν

167 2884 373 2973 λεγομένοις).
418 2887 485 2952 Ηοο
507 2888 611 2971 ipsum
632 2889 788 2970 proprium
811 2888 906 2952 fuisse
928 2887 1115 2971 Tbecpompi
1137 2891 1277 2953 veterum
1298 2889 1387 2953 testi-

167 2995 270 3059 monio
292 2993 435 3070 traditur,
458 2993 587 3058 minime
610 2994 693 3058 enim
717 2993 875 3058 dubitasse
898 3012 1100 3058 cumrerum
1123 2993 1223 3059 dicere
1245 2994 1386 3075 colligere

167 3118 333 3183 possumus
368 3119 404 3164 ex
433 3100 582 3164 Athenaei
617 3099 756 3183 (11118)
787 3101 818 3164 et
848 3083 1244 3185 8ιιιι1εε(ε.ν.’Ἑφορος)
1275 3100 1388 3179 verbio,

170 3207 223 3290 qui
251 3192 366 3292 ἀνδρὸς
395 3194 600 3292 φιλαλήθους
626 3204 749 3269 nomine
778 3223 852 3269 eum
881 3208 1001 3269 omant.
1052 3204 1157 3269 Etiam
1185 3205 1388 3270 maledicendi

170 3311 309 3377 studium
339 3311 367 3376 ei
397 3314 520 3394 propter
549 3311 681 3393 ingenue
711 3329 748 3375 ao
777 3311 870 3376 libere
899 3311 990 3387 dicta,
1020 3313 1057 3375 ut
1078 3311 1145 3376 ficri
1169 3313 1254 3388 solet,
1284 3331 1389 3395 expro-

169 3417 327 3482 brabatur.
377 3411 427 3480 Ita
455 3416 602 3499 Iosephus
626 3435 651 3481 c.
674 3416 781 3498 Apion.
804 3415 820 3478 Ι
843 3417 885 3480 24
908 3435 937 3498 p.
961 3416 1024 3481 459
1054 3417 1283 3501 Theopompum
1312 3418 1389 3483 dicit

169 3521 373 3610 βλασφημεῖν
400 3519 458 3585 καὶ
484 3520 650 3605 λοιδορεῖν.
704 3520 784 3586 Cum
804 3522 853 3586 his
876 3523 915 3587 cf.
938 3523 1050 3587 Athen.
1073 3522 1118 3586 VI
1139 3543 1169 3606 p.
1190 3523 1254 3587 254
1276 3524 1311 3600 b,
1333 3525 1387 3588 ubi

170 3625 436 3709 δυσμενέστατος,
472 3630 502 3692 ει
533 3626 617 3693 Suid.
641 3647 666 3692 a.
690 3647 717 3691 v.
739 3613 890 3713 Ἔφορος,
921 3628 975 3691 ubi
1005 3618 1043 3691 τὸ
1071 3611 1157 3714 ἦθος
1185 3619 1304 3714 πικρὸς
1329 3626 1387 3692 καὶ

170 3724 339 3822 κακοήθης
372 3735 553 3816 appellatur.
616 3733 790 3799 Plurimum
828 3735 934 3798 autem
968 3733 996 3797 ei
1029 3734 1228 3800 tribuendum
1262 3733 1387 3799 estrei

171 3841 252 3923 quod
281 3839 475 3905 laudatorem
504 3839 813 3904 Lacedaemoniorum
845 3839 1031 3922 discipulum
1057 3840 1151 3906 fuisse
1181 3840 1387 3922 comperimus

172 3946 208 4029 (ᾗ
232 3947 296 4010 200
324 3935 396 4009 τινὰ
425 3940 490 4008 τι”ν
514 3993 521 4008 .
547 3992 554 4007 .
580 3991 587 4008 .
617 3943 844 4030 προῃρημένων
867 3941 903 4010 δέ
926 3940 1211 4027 Λακεδαιμονίους
1242 3942 1387 4009 ἐπαινεῖν

171 4054 203 4116 ct
225 4051 242 4133 ἓ
266 4052 330 4115 216
358 4044 547 4131 εἰθισμένος
574 4040 630 4114 τόν
651 4035 747 4114 όλλον
774 4041 884 4136 χρόνον
914 4047 1081 4135 ἐπαινεῖν).
1127 4052 1269 4117 Vidimus
1292 4070 1386 4134 snpra

171 4156 400 4238 Theopompum
428 4158 499 4221 tum
527 4175 599 4221 curn
620 4175 670 4221 res
693 4157 815 4239 publica
839 4155 986 4221 Chiorum
1015 4157 1152 4240 populari
1174 4158 1292 4222 rationo
1316 4176 1388 4222 ocn-
