3102 4696
772 177 813 239 40

190 373 219 449 d’
236 372 331 448 αὐτὸν
346 374 440 466 οἶμαι
456 375 560 464 δόξειν
575 376 661 450 πολὺ
674 376 869 472 μακρότερον
883 376 965 450 εἶναι
985 382 1042 450 τοῦ
1057 383 1194 463 δέοντος.
1230 387 1290 452 Eos
1312 387 1405 468 igitur

190 510 262 556 curn
286 491 361 556 dicit
383 491 436 573 qui
458 492 489 555 in
512 492 606 556 totius
629 493 731 575 populi
762 493 960 558 conventibus
982 493 1165 576 plemmquo
1189 493 1404 570 convicientur,

187 616 261 661 ‘oum
284 615 354 661 vero
377 597 415 662 de
437 597 495 661 hac
517 597 638 662 insania
661 597 820 674 desistant,
850 598 992 663 laudibus
1021 597 1150 663 efferant
1180 600 1235 662 aut
1261 598 1405 662 instituta

188 703 322 785 pessima
351 706 406 767 aut
435 721 541 768 eorum
569 704 622 784 qui
652 705 822 768 exstiterint
851 703 1098 780 scelestissimos,
1126 703 1185 767 nisi
1217 703 1322 767 omnia
1356 723 1405 768 me

188 808 307 885 fallunt,
330 811 431 872 orator
452 808 564 872 iterum
580 808 724 890 designat
737 809 933 874 Aristotelem
948 809 1074 890 eiusque
1098 811 1272 873 sectatores.
1317 807 1405 888 Quod

189 913 302 978 conicio
326 933 362 978 ex
384 914 484 979 verbis
520 910 554 976 ἐν
581 916 655 990 ταῖς
675 903 870 1000 πανηγύρεσι
893 903 1035 996 μάλιστα
1057 910 1116 995 μὲν
1137 911 1403 999 λοιδοραιμένοις,

189 1037 268 1100 quae
291 1018 384 1082 adid
408 1019 488 1101 quod
516 1019 550 1082 in
577 1019 674 1100 Lyceo
704 1019 851 1084 accidisse
879 1021 913 1083 in
939 1020 1090 1101 prooemio
1113 1018 1242 1099 legimus
1267 1021 1406 1101 spectare

188 1143 304 1189 canace.
349 1109 400 1186 Ἐν
423 1113 597 1209 πανηγύρει
619 1125 725 1188 autem
750 1125 799 1208 (of.
823 1123 840 1206 ἓ
865 1126 929 1188 263
953 1120 986 1186 ἐν
1007 1126 1078 1200 τοῖς
1099 1109 1208 1204 όχλοις
1228 1125 1300 1200 τοῖς
1321 1146 1406 1188 παν-

188 1230 372 1314 ηγυρικοῖς),
397 1229 477 1310 quod
501 1230 685 1294 venabulum
708 1230 746 1294 de
768 1230 862 1294 totius
885 1230 988 1312 populi
1009 1231 1160 1294 conventu
1175 1230 1294 1311 proprie
1317 1249 1405 1294 usur·

187 1338 294 1417 patur,
323 1334 391 1398 illos
425 1335 535 1417 probra
562 1335 669 1399 iecisse
699 1334 849 1400 Isocrates
880 1335 979 1400 dicere
1009 1335 1121 1417 potuit,
1153 1335 1225 1416 quia
1252 1337 1321 1398 tum
1343 1355 1405 1399 uon

186 1458 290 1504 coram
320 1440 391 1504 solis
422 1439 593 1523 discipulis,
624 1440 676 1505 sed
706 1441 740 1504 in
771 1459 885 1522 magna
913 1441 1076 1505 hominum
1102 1440 1275 1522 frequentia
1297 1441 1406 1505 recita·

186 1547 302 1609 verant.
355 1534 404 1607 Τὰ
427 1534 614 1632 φαυλότατα
635 1541 699 1608 τῶν
721 1531 821 1609 ’όντων
842 1565 911 1610 vero
934 1564 953 1609 a
976 1545 1227 1611 conviciatoribus
1249 1545 1311 1610 illis
1339 1547 1407 1610 lau·

187 1651 261 1714 data
283 1651 424 1731 intellego
456 1651 559 1715 studia
586 1651 834 1735 philosophorum
864 1651 914 1734 (cf.
938 1650 955 1733 ᾗ
979 1653 1021 1715 26
1045 1651 1118 1734 sc),
1148 1653 1180 1716 et
1200 1640 1275 1727 τοὺς
1297 1673 1406 1736 παρα-

187 1745 390 1836 νομωτότονς
422 1750 487 1818 τῶν
518 1752 727 1842 γεγενημένων
760 1757 867 1838 utique
902 1759 1004 1820 orator
1034 1755 1109 1820 dicit
1141 1756 1405 1832 Lacedaemonios,

188 1856 263 1942 quos
286 1861 385 1926 multa
407 1860 536 1944 turpiter
552 1861 683 1942 gessisse
698 1859 731 1924 in
745 1862 945 1944 praecedente
960 1863 1095 1926 oratione
1110 1862 1256 1944 exposuit.
1295 1861 1407 1942 ltaque

188 1985 224 2030 ar
246 1966 305 2030 hoc
329 1985 448 2048 quoque
471 1967 535 2030 loco
566 1967 718 2049 sophistas
742 1968 795 2048 qui
821 1968 855 2030 in
885 1967 1036 2049 prooemio
1065 1969 1348 2032 commemorantur
1375 1970 1407 2031 et

188 2070 498 2136 Lacedaemoniorum
519 2072 694 2136 laudatores
717 2072 839 2137 eosdem
862 2091 929 2137 esse
953 2075 1086 2155 apparet.

276 2194 345 2259 Iam
367 2195 407 2258 ad
429 2195 580 2276 liquidum
595 2194 656 2259 fere
679 2195 862 2278 perductum
884 2213 951 2260 csse
974 2213 1081 2259 censeo
1105 2212 1183 2276 quac
1205 2194 1238 2258 in
1260 2194 1407 2259 orationis

191 2302 334 2364 contextu
356 2299 523 2364 identidem
547 2300 680 2365 vidimus
703 2302 899 2382 impugnata,
922 2299 1059 2364 Platonis
1088 2301 1133 2364 rei
1155 2300 1296 2381 publicae
1317 2300 1409 2364 insti·

190 2406 322 2470 tuendae
345 2408 377 2470 et
397 2406 548 2487 gerendae
571 2406 743 2471 doctrinam
765 2406 977 2488 imprimisque
1006 2405 1144 2469 studium
1167 2405 1233 2469 eius
1257 2405 1407 2470 Lacedae·

189 2511 377 2588 moniorum,
407 2529 443 2576 ea
470 2511 649 2594 reprehendi
679 2511 712 2574 in
734 2511 897 2575 Aristotele
927 2514 958 2576 et
987 2510 1040 2592 qui
1062 2510 1114 2574 alii
1136 2511 1337 2592 designantur
1360 2529 1408 2575 so-

190 2616 318 2698 phistae.
365 2615 446 2695 Quos
469 2634 523 2698 pro
538 2615 704 2680 Platonicis
721 2634 787 2680 esse
810 2615 939 2679 Isocrati
960 2616 1009 2680 rel
1030 2615 1102 2680 inde
1121 2615 1310 2695 intellegitur
1325 2616 1408 2698 quod

189 2721 222 2784 in
252 2721 315 2803 ipso
343 2720 510 2803 prooemio,
538 2723 574 2784 ut
605 2738 698 2803 supra
730 2719 1021 2796 demonstravimus,
1050 2719 1186 2784 Platonis
1216 2719 1409 2784 decretorum

190 2829 481 2909 praeceptorumque
513 2825 713 2890 inveniuntur
746 2825 901 2890 irrisiones
940 2843 1019 2907 quae
1052 2825 1118 2890 siue
1148 2825 1241 2889 dubio
1268 2825 1309 2888 ad
1339 2825 1408 2889 illos

192 2933 336 3013 spectent.
382 2931 509 2996 Praeter
530 2931 725 2996 Aristotelem
748 2933 854 2995 autem
876 2933 992 2994 ceteros
1015 2948 1135 3012 quoque
1163 2929 1230 2994 illos
1254 2930 1409 3012 sophistas

192 3037 245 3119 qui
268 3036 413 3100 dicuntur
435 3055 451 3101 e
474 3035 635 3119 disciplina
652 3035 906 3100 Academicorum
928 3035 1024 3100 finisse
1046 3034 1327 3117 probabilissimum
1350 3038 1408 3099 est.

190 3141 292 3206 Pacile
320 3144 425 3206 autem
456 3142 628 3223 cogitamus
656 3141 694 3205 de
721 3141 892 3205 Xenocrate
902 3144 923 3216 ¹,
952 3141 1002 3204 oui
1030 3142 1099 3204 tum
1127 3139 1252 3222 quidem
1283 3159 1408 3205 summa

192 3249 258 3312 erat
279 3246 472 3312 familiaritas
496 3250 527 3313 et
549 3245 736 3312 consuetudo
759 3264 832 3309 cum
851 3245 1023 3321 Aristotele,
1047 3264 1139 3326 quem
1161 3249 1231 3328 post
1245 3246 1408 3311 Platonem

191 3354 349 3418 mortuum
376 3353 410 3416 iu
431 3353 537 3417 Asiam
560 3352 803 3435 proficiscentem
826 3351 990 3415 comitatus
1013 3351 1091 3414 est'.
1146 3350 1226 3416 Item
1254 3351 1291 3416 de
1313 3351 1410 3415 Thm-

190 3458 330 3542 phrasto,
361 3476 455 3538 quem
482 3458 579 3539 primo
602 3457 755 3533 Platonis,
784 3459 890 3539 postca
912 3456 1084 3521 Aristotelis
1112 3455 1283 3521 auditorem
1313 3456 1409 3522 fuisse

192 3564 366 3646 accepimus
396 3561 496 3645 (Diog.
524 3562 624 3626 Lacrt.
653 3561 681 3625 V
709 3563 751 3625 36
779 3547 921 3637 όκοόσας
950 3549 1127 3637 Πλάτωνος
1154 3557 1291 3646 μετέστη
1326 3551 1410 3647 πρὸς

190 3654 423 3754 Άριστοτέλη);
457 3667 484 3731 is
519 3669 550 3734 ct
581 3666 646 3750 ipse
680 3667 864 3732 rhetoricam
893 3666 1037 3731 tractavit
1070 3663 1151 3748 (Cic.
1180 3665 1218 3730 de
1247 3666 1306 3730 div.
1334 3666 1409 3730 114

190 3773 418 3857 Theophrastus
451 3772 588 3854 itemque
621 3772 800 3838 Aristoteles
834 3790 906 3837 cnm
939 3771 1128 3854 philosophia
1162 3771 1283 3836 dicendi
1313 3771 1409 3836 etiam

191 3882 353 3962 praecepta
375 3877 611 3954 ooniunxornnt;
635 3877 740 3958 Quint.
763 3877 856 3956 Illi,
876 3877 915 3941 15
938 3877 1165 3959 Theophrastus
1188 3895 1318 3959 quoqne,
1340 3877 1409 3940 Ari-

282 4111 292 4141 1
310 4105 370 4160 Vid.
388 4105 502 4162 Teichm.
521 4105 538 4158 l.
556 4121 577 4160 ο.
596 4121 621 4172 p.
636 4105 687 4160 267
701 4121 739 4172 sq.

282 4215 293 4246 ²
310 4210 394 4264 Zoller
412 4209 459 4263 112
476 4225 501 4276 p.
517 4210 559 4265 16.
