3102 4696
761 158 802 221 65

173 374 300 455 insuper
330 371 489 452 affingere,
518 369 646 434 minime
675 370 799 452 liqueat.
850 370 959 451 Itaque
991 368 1075 452 prins
1106 368 1183 433 illud
1206 367 1390 449 colloquium

173 498 245 544 cum
275 478 423 560 discipulo
453 477 634 542 institutum
665 477 897 559 explicationem
925 494 985 540 non
1015 475 1121 550 habet,
1154 475 1214 538 nisi
1243 475 1281 537 iis
1312 492 1390 555 qnae

172 587 276 649 orator
297 584 362 666 ipse
386 583 423 648 de
446 583 561 664 eumne
584 584 675 647 huius
699 582 844 647 orationis
866 577 1107 668 partisjaperuit
1129 580 1222 644 fidem
1241 580 1390 645 habentos

173 709 329 754 sermones
361 709 430 755 vero
466 689 562 752 factos
594 708 667 753 eum
702 689 829 752 orationi
859 688 1013 753 credimus
1042 687 1241 769 adscripsisse
1273 685 1308 768 (ἓ
1326 687 1389 748 262

172 787 228 859 τὸν
258 786 353 880 λόγον
377 843 384 859 .
411 844 418 858 .
445 843 452 858 .
478 842 485 858 .
511 785 771 881 προσγράψαντα
801 784 914 870 πάσας
941 785 1000 870 τὰς
1023 783 1192 878 διατριβάς
1222 782 1281 869 τὰς
1315 788 1390 876 περὶ

174 889 268 966 αὐτὸν
291 897 496 988 γεγενημένας
517 891 701 964 διαδιδόναι
722 902 792 978 τοῖς
814 895 1022 983 βουλομένοις
1044 889 1240 981 λαμβάνειν).

262 1009 365 1072 Huius
388 1009 432 1072 rei
463 1008 645 1072 documento
669 1012 716 1071 est
747 1007 841 1073 etiam
864 1006 1083 1071 Panathenaici
1105 1005 1221 1069 formae
1245 1005 1390 1077 varietas:

175 1134 250 1180 nam
265 1115 347 1197 prior
368 1133 438 1196 pars
460 1113 493 1176 in
510 1114 654 1177 orationis
671 1112 801 1177 formam
822 1113 945 1177 redacta
961 1116 1016 1188 est,
1041 1113 1166 1194 quaein
1187 1113 1283 1176 altera
1305 1114 1391 1193 parte

175 1221 343 1303 discipulus
359 1219 540 1284 contradicit
562 1223 594 1283 et
615 1219 825 1301 interpretatio
849 1219 914 1283 eius
933 1219 1088 1300 dialogum
1105 1221 1135 1284 et
1152 1218 1391 1300 disputationem

176 1326 320 1391 efficiunt.
372 1324 441 1389 Duo
471 1326 577 1388 autem
606 1325 755 1407 colloquia
784 1329 1004 1408 proponuntur,
1034 1344 1164 1406 quorum
1187 1325 1328 1400 alterum,
1358 1341 1392 1386 eo

175 1432 301 1497 oonsilio
332 1431 371 1494 ab
400 1431 534 1495 Isocrate
557 1431 736 1494 institutum
758 1434 794 1494 ut
817 1430 1034 1513 discipulorum
1062 1431 1273 1514 imprimisque
1295 1430 1392 1494 Theo·

175 1537 277 1621 pompi
306 1537 454 1600 iudicium
484 1537 521 1600 de
545 1537 855 1601 Lacedaemoniorum
884 1536 1157 1619 vituperationibus
1186 1538 1316 1620 peteret,
1348 1537 1392 1600 sic

175 1645 360 1726 dispositum
384 1645 444 1706 est:
476 1642 556 1724 prior
586 1642 726 1724 discipuli
750 1643 948 1707 contradictio
971 1642 1007 1725 (ἓ
1032 1644 1124 1728 202);
1146 1644 1227 1726 prior
1248 1642 1391 1722 magistri

177 1749 345 1814 confutatio
362 1747 410 1830 (gg
424 1749 626 1832 204-214);
644 1749 740 1814 altore
756 1749 897 1831 discipuli
913 1749 1110 1813 contradictio
1128 1749 1176 1832 (ἓξ
1189 1749 1393 1832 215-217);

177 1857 274 1919 altere
296 1855 438 1935 magistri
462 1853 629 1918 confutatio
647 1854 695 1937 (ἐξ
712 1855 909 1936 aro-228).
948 1856 1088 1919 Alterum
1105 1874 1183 1930 vero,
1206 1855 1393 1920 deliberandi

177 1980 271 2025 causa
293 1961 434 2024 habitum
457 1961 564 2023 utrum
586 1961 682 2025 oratio
705 1961 822 2025 edenda
845 1964 926 2026 assat
948 1981 1058 2037 necne,
1081 1961 1250 2025 mavimam
1273 1964 1392 2042 partem

177 2068 299 2132 constat
321 2086 337 2130 e
360 2066 501 2149 discipuli
531 2067 781 2148 interpretatione
810 2086 915 2132 eorum
939 2068 1050 2149 quibus
1073 2067 1222 2149 magister
1243 2067 1396 2131 Lacedae·

177 2173 297 2238 monios
328 2173 512 2254 vituperavit
536 2172 591 2255 (gg
615 2174 812 2255 235-263).
870 2175 971 2255 Atque
1002 2173 1114 2256 dialogi
1147 2173 1246 2237 forma
1274 2173 1395 2255 propria

178 2282 245 2344 erat
267 2297 394 2361 opernm
416 2277 553 2342 Platonis
581 2282 612 2342 et
634 2279 731 2360 primo
756 2279 880 2362 quidem
903 2283 1047 2363 tempore,
1077 2283 1114 2344 ut
1137 2298 1229 2362 supra
1253 2279 1396 2354 vidimus,

180 2385 367 2458 Aristotelis;
403 2385 485 2465 apud
519 2383 687 2449 Isocratem
717 2388 838 2461 autem,
873 2387 925 2467 qui
959 2389 1118 2468 praeterea
1153 2386 1217 2449 sola
1251 2385 1394 2448 orationis

178 2491 276 2555 forma
299 2491 408 2565 utitur,
430 2509 587 2572 nusquam
611 2491 669 2555 nisi
696 2492 838 2556 hocloco
862 2492 1024 2556 invenitur.
1077 2491 1192 2570 Quodsi
1214 2494 1394 2573 putaremus

177 2596 250 2661 ficta
279 2615 345 2661 esse
375 2614 454 2678 quaa
484 2597 516 2659 in
544 2598 641 2661 altera
669 2598 815 2661 orationis
845 2600 930 2680 parte
960 2600 1133 2672 narrantur,
1165 2597 1267 2661 itaut
1296 2597 1394 2660 forma

179 2703 243 2766 eius
283 2702 379 2784 partis
413 2721 448 2766 ev
483 2702 603 2786 optione
640 2703 786 2786 penderet
823 2704 964 2779 oratoris,
1004 2704 1078 2785 quid
1116 2704 1242 2767 tandem
1282 2721 1393 2767 causae

178 2807 272 2871 fuisse
316 2807 487 2872 diceremus
522 2828 577 2872 cur
614 2810 652 2872 ab
692 2810 809 2874 usitata
846 2810 991 2874 orationis
1028 2809 1127 2874 forma
1168 2809 1325 2874 decederet
1364 2811 1395 2873 et

178 2913 336 2977 insolitam
377 2913 489 2994 dialogi
528 2914 659 2978 formam
706 2918 921 2998 praeoptaret?
984 2916 1111 2979 Minime
1156 2916 1281 2997 quidem
1318 2916 1395 2979 haec

179 3019 277 3083 forma
306 3021 449 3084 abhorret
472 3021 621 3084 aratione
644 3020 879 3096 Panathenaici3
910 3041 985 3086 nam
1014 3026 1121 3086 notum
1153 3025 1201 3086 est
1228 3021 1395 3086 Isocratem

179 3125 331 3189 orationes
359 3126 576 3208 conscripsisse
609 3146 687 3209 quae
716 3129 907 3209 legerentur,
937 3148 996 3192 non
1021 3147 1099 3210 quae
1122 3128 1294 3194 dicerentur
1323 3126 1395 3209 (vid.

180 3230 312 3295 Panath.
336 3230 354 3312 ξ
374 3231 435 3294 136
458 3228 610 3295 τοσοῦτον
633 3219 810 3318 άναγνῶναι
836 3230 934 3319 μέρος
962 3232 1017 3296 καὶ
1045 3232 1190 3296 διελθεῖν
1213 3222 1336 3296 δνιὸσον
1358 3218 1396 3295 δν

181 3323 271 3400 αὐτοὶ
294 3333 514 3422 βουληθῶσιν,
544 3338 644 3420 §251
676 3323 759 3415 τοὺςΙ
778 3335 815 3402 δὲ
838 3329 1100 3427 φρονιμωτάτους
1123 3326 1225 3403 αὐτῶν
1254 3337 1310 3402 aori
1333 3335 1396 3403 τῶν

179 3433 282 3527 λόγιον
303 3432 393 3519 τινάς
416 3437 544 3522 ἔχοντας
565 3441 629 3506 τῶν
652 3441 717 3506 σῶν
740 3493 824 3508 ....
849 3433 885 3531 ἢν
907 3437 1032 3527 λάβωσι
1058 3438 1113 3508 τὸν
1140 3432 1398 3530 άναγναισδμενον

180 3546 238 3611 καὶ
259 3537 369 3635 χρόνον
392 3536 475 3612 ὥστε
498 3548 726 3637 συνδιατρῖψαι
751 3546 865 3637 σφίσιν
885 3539 995 3628 αὐτοῖς
1009 3550 1077 3615 κτλ.
1103 3550 1147 3616 Of.
1164 3552 1200 3634 ἐξ
1219 3554 1291 3617 200.
1309 3554 1396 3636 216).

182 3652 241 3718 Sed
272 3673 370 3736 nequo
400 3656 440 3718 ad
471 3656 630 3720 libidinem
661 3676 733 3721 eum
764 3658 891 3738 elegisse
922 3659 977 3722 hoc
1008 3659 1072 3722 loco
1102 3657 1234 3723 formam
1264 3659 1397 3723 alienam

181 3779 310 3843 eamque
346 3761 500 3844 propriam
534 3763 777 3827 adversariorum
815 3768 1056 3828 consentaneum
1090 3767 1138 3827 est
1172 3783 1270 3846 neque
1304 3764 1397 3827 aliam

181 3866 330 3930 rationem
361 3867 502 3931 idoneam
531 3888 592 3949 qua
623 3888 672 3933 res
703 3870 869 3952 explicetur
899 3871 988 3934 facile
1017 3867 1166 3933 invenias.
1212 3869 1293 3932 Nam
1317 3869 1397 3950 quod

181 3970 424 4036 ΤοίοοιααοΗα1
447 3974 598 4056 opinatur,
621 3975 652 4038 id
674 3976 862 4058 propositum
882 3976 976 4040 fuisse
996 3976 1106 4040 oratori
1127 3978 1163 4039 ut
1182 3994 1254 4039 cum
1271 3974 1397 4038 Platone

273 4222 282 4251 ¹
300 4217 330 4273 L.
349 4235 369 4272 c.
390 4237 415 4288 p.
434 4221 493 4274 280.
