3102 4696
793 170 834 231 20

206 384 243 446 de
274 384 389 447 Theseo
423 383 504 446 dicto
544 381 673 446 Panath.
703 380 720 461 ὅ
751 381 828 443 129:
868 367 1021 460 άκμάζων
1049 368 1106 464 τήν
1137 375 1197 459 μὲν
1230 369 1341 457 πάλιν,
1377 367 1422 454 ως

206 485 342 572 λέγεται,
373 486 508 550 διοικεῖν
529 483 575 572 aqi
607 478 733 571 πλήθει
761 482 1004 570 παρέδωκεν.
1059 484 1147 562 Quod
1169 488 1204 548 ut
1226 485 1421 566 comprobare

207 594 371 675 possimus,
397 593 499 656 maius
522 593 645 674 aliquod
667 592 852 673 requirimus
874 590 1021 654 indicium
1045 609 1140 671 quam
1162 591 1290 654 verbum
1313 612 1420 675 παρα-

207 688 333 760 διδόναι
356 699 517 780 utrobique
539 700 733 779 usurpatum.
788 697 949 760 Praeterea
971 696 1018 758 vir
1040 696 1091 760 ille
1113 696 1220 760 doctus
1245 696 1331 760 nobis
1355 715 1421 777 per-

207 803 334 868 suadere
372 803 477 867 studet
513 804 605 866 verba
641 802 771 865 Panath.
800 801 818 882 ς
844 801 906 863 113
955 787 991 864 οὗ
1018 791 1081 886 μὴν
1113 787 1183 863 ἀλλ’
1213 790 1329 886 ἐπειδή
1360 822 1422 885 περ

206 896 320 984 αὐτοὺς
354 898 447 989 οἶμαι
475 898 531 970 τὸν
560 897 654 991 λόγον
683 897 739 969 τὸν
768 902 847 990 περὶ
881 902 945 969 τῶν
974 901 1149 969 πολιτειῶν
1180 900 1228 982 εἰς
1256 897 1294 969 τὸ
1323 903 1423 987 μέσον

207 1009 371 1096 ἐμβαλεῖν,
408 999 464 1076 οέκ
495 999 620 1099 ὀκνήσω
651 1008 859 1097 διαλεχθῆναι
892 1008 968 1096 περὶ
1003 997 1106 1073 αάτῶν
1140 1014 1277 1092 spectare
1312 1012 1351 1075 ad
1384 1013 1421 1076 de

208 1120 286 1199 legg.
302 1119 354 1182 lib.
371 1119 414 1181 IV
430 1119 510 1182 locos
528 1137 578 1182 eos
593 1118 647 1180 ubi
663 1117 700 1181 de
722 1136 754 1180 re
777 1117 900 1199 publica
922 1117 1036 1198 optime
1058 1117 1273 1180 constituenda
1296 1120 1421 1197 agatur;
1527 1167 1528 1176 ,

134 1225 145 1238 ’
207 1229 238 1288 et
280 1243 358 1305 quae
397 1225 540 1305 legantur
573 1223 703 1286 Panath.
747 1222 765 1302 ,ξ
799 1224 860 1285 132
892 1241 937 1303 sq.
978 1241 1230 1304 unamquamque
1265 1222 1421 1287 civitatem
1527 1247 1528 1309 3

207 1330 321 1410 optime
350 1331 415 1410 regi
449 1348 468 1392 a
497 1329 569 1392 viris
600 1328 716 1391 idoneis
745 1331 776 1390 et
805 1327 908 1402 testie,
942 1328 1074 1408 pessime
1102 1347 1172 1390 vero
1204 1329 1243 1391 ab
1273 1327 1420 1409 improbis

206 1437 311 1517 eisque
334 1435 387 1516 qui
410 1434 564 1498 communi
587 1432 746 1497 commodo
769 1434 906 1517 neglecto
930 1433 993 1495 suis
1015 1434 1107 1496 rebus
1127 1433 1322 1515 prospiciant,
1345 1434 1420 1497 haec

206 1540 367 1622 protulisse
390 1543 539 1602 oratorem
562 1539 593 1601 id
617 1541 806 1620 spectantem
830 1537 911 1618 quod
934 1537 1021 1600 Plato
1044 1539 1136 1617 Legg.
1162 1539 1224 1600 712
1241 1538 1419 1602 d-715e

205 1645 405 1726 exposuisset,
427 1664 494 1707 rem
516 1644 673 1724 publicam
697 1662 756 1706 non
779 1642 966 1705 laudandam
990 1661 1056 1706 esse
1085 1643 1145 1705 nisi
1168 1643 1255 1706 cuius
1278 1643 1421 1706 inst'tuta

206 1750 345 1814 omnium
367 1748 495 1811 utilitati
519 1749 675 1812 servirent.
722 1746 823 1810 Verba
846 1750 952 1811 autem
975 1747 1085 1829 quibus
1108 1766 1157 1812 res
1180 1748 1302 1829 publica
1323 1749 1421 1812 Athe-

205 1855 358 1918 niensium
392 1853 535 1916 laudibus
566 1853 689 1917 effertur
725 1852 856 1915 Panath.
889 1852 994 1933 §130
1032 1839 1068 1914 οὗ
1102 1842 1277 1938 διήμαρτον
1312 1842 1419 1938 αἱροέ-

205 1981 296 2041 μενοι
323 1954 381 2044 τῆς
408 1947 475 2020 ὑπὸ
505 1948 636 2021 πάντων
664 1944 703 2020 ila
726 1945 983 2041 ὁμολογηθείσας
1010 1943 1046 2019 οὗ
1072 1947 1171 2038 μόνον
1200 1947 1283 2020 εἶναι
1312 1979 1418 2021 κοινο-

203 2054 301 2150 τάτης
331 2061 388 2125 καὶ
419 2052 627 2148 δικαιοτάτης
654 2049 736 2124 άλλὰ
764 2059 820 2123 καὶ
852 2051 1106 2147 σομφορωτάτης
1134 2050 1242 2124 άπασι
1271 2059 1328 2125 καὶ
1350 2065 1421 2138 τοῖς

204 2165 379 2254 χρωμένοις
400 2156 532 2253 ἡδίστης
554 2169 674 2232 revocat
696 2167 746 2230 ille
770 2167 809 2229 ad
831 2150 969 2230 Platonis
992 2171 1189 2249 praeceptum
1212 2168 1294 2249 quod
1317 2171 1418 2232 exstat

208 2275 299 2356 Lagg.
325 2275 424 2337 7151>
445 2263 564 2348 ταάτας
586 2262 626 2356 δή
649 2261 715 2335 ποά
738 2293 844 2358 φαμεν
869 2260 961 2356 ἡμεῖς
982 2267 1034 2334 νῦν
1057 2257 1121 2335 οἶμ’
1145 2261 1228 2334 εἶναι
1250 2267 1421 2348 πολιτείας

208 2364 272 2442 οἵτ’
309 2365 428 2464 ὀρθοὺς
463 2368 579 2460 νόμους
614 2364 685 2440 ὅσοι
720 2367 765 2462 μὴ
794 2367 966 2462 ξυμπάσης
1000 2372 1057 2463 τῆς
1084 2367 1212 2453 πόλεως
1243 2374 1335 2441 ἕνεκα
1363 2374 1421 2440 τοῦ

207 2479 315 2547 κοινοῦ
338 2479 498 2570 ἐτέθησαν
506 2487 528 2545 1.
580 2481 666 2561 Quae
689 2482 792 2545 omnia
820 2501 880 2545 non
910 2482 1046 2546 adducor
1068 2485 1105 2547 ut
1126 2483 1260 2547 credam.
1306 2482 1421 2563 Quam-

208 2607 302 2670 quam
324 2608 384 2652 non
406 2588 520 2651 infitias
543 2607 577 2652 eo
599 2587 767 2651 Isocratem
797 2587 853 2650 has
877 2587 944 2650 illas
968 2587 1133 2651 adversarii
1156 2588 1322 2652 sententias
1345 2607 1418 2652 suas

207 2693 326 2769 fecisse,
355 2693 400 2756 ita
430 2711 503 2756 sane
531 2694 567 2755 ut
598 2710 675 2773 quae
707 2692 755 2755 hic
785 2692 935 2773 perfectae
965 2693 1008 2757 rei
1038 2693 1177 2774 publicae
1207 2694 1338 2775 speciem
1368 2693 1420 2756 de-

207 2799 342 2862 scribens
371 2798 559 2861 laudavisset
589 2797 705 2880 optima
734 2797 877 2861 instituta
900 2797 1080 2862 transferret
1108 2798 1148 2861 ad
1177 2799 1418 2871 Athenienses23

207 2903 260 2968 sed
284 2904 435 2984 quantum
458 2902 490 2965 id
517 2902 634 2967 factum
664 2902 704 2966 sit
733 2902 759 2966 si
781 2904 936 2984 explorare
959 2904 1107 2980 volumus
1136 2904 1225 2968 valde
1248 2904 1419 2968 cavendum

207 3011 255 3073 est
283 3026 321 3071 ne
351 3007 478 3070 modum
508 3008 690 3072 excedamus
725 3010 756 3071 et
783 3008 1009 3089 respiciendum
1038 3008 1105 3073 fieri
1136 3027 1197 3072 non
1227 3028 1316 3091 posse
1344 3009 1420 3090 quin

207 3114 286 3177 inter
316 3113 393 3176 duas
425 3113 603 3194 scriptiones
637 3112 749 3194 quibus
778 3112 815 3176 de
844 3113 935 3176 rebus
972 3113 1103 3194 publicis
1133 3114 1307 3196 disputetur
1337 3133 1420 3178 com-

206 3217 312 3281 munio
344 3217 496 3298 quaedam
530 3217 701 3282 intercedat
733 3235 837 3280 rerum
870 3217 1068 3281 laudatarum
1101 3222 1132 3283 et
1164 3219 1418 3301 vituperatamm.

207 3326 252 3387 Ac
274 3323 434 3405 praecipue
462 3323 595 3404 primam
623 3323 709 3386 illam
733 3323 832 3402 legem
859 3341 921 3403 qna
943 3323 1129 3405 praecipitur
1150 3343 1188 3388 ne
1210 3325 1254 3388 rei
1277 3325 1420 3406 publicae

206 3429 424 3509 gubernatores
449 3446 504 3491 suo
526 3429 627 3510 potius
651 3446 745 3508 quam
769 3427 924 3492 communi
948 3427 1107 3492 commodo
1138 3429 1330 3493 consulerent
1356 3448 1420 3492 non

207 3536 254 3597 est
287 3551 342 3597 cur
374 3537 525 3596 oratorem
554 3551 571 3596 e
598 3532 686 3596 libris
717 3532 754 3596 de
783 3532 901 3612 legibus
934 3532 1058 3597 demum
1082 3533 1230 3598 didicisse
1264 3537 1419 3616 putemus.

206 3639 320 3702 Mirum
356 3655 430 3702 sane
464 3639 495 3701 iu
531 3637 658 3702 modum
693 3638 877 3701 conveniunt
910 3639 991 3702 inter
1024 3657 1056 3702 se
1092 3657 1167 3719 quos
1197 3638 1421 3704 Teichmueller

206 3743 359 3825 componit
382 3743 439 3807 loci
461 3742 506 3807 hi:
542 3741 634 3822 Legg.
660 3743 757 3805 715a
782 3729 902 3826 Ἀρχῶν
931 3733 1218 3828 περιμαχήτων
1245 3739 1422 3827 γενομένων

207 3840 240 3910 οὶ
260 3837 445 3932 νικήσαντες
466 3837 505 3909 τά
529 3867 564 3909 τε
586 3835 763 3930 πράγματα
784 3837 868 3910 κατὰ
890 3837 946 3932 τήν
967 3839 1065 3910 πόλιν
1088 3835 1188 3923 οὕτως
1209 3844 1421 3934 ἐσφετέρισαν

206 3942 334 4038 σφόδρα
357 3999 497 4014 .....
521 3971 538 4015 c
566 3942 640 4027 τοὺς
670 3937 700 4013 δ’
729 3937 882 4036 άρχοντας
910 3949 1098 4036 λεγομένους
1127 3949 1179 4016 νῦν
1212 3942 1420 4039 ὑπηρέτας

295 4201 305 4230 ¹
323 4197 352 4250 Ῑι,
372 4213 392 4251 c.
412 4214 437 4264 p.
456 4199 517 4253 277.
835 4197 976 4252 1Τείολιω,
996 4199 1012 4251 l.
1032 4215 1053 4252 c.
1072 4216 1096 4267 p.
1110 4199 1170 4254 278.
