3102 4696
766 181 807 243 52

175 410 249 454 uam
279 392 337 456 etsi
368 393 477 459 vixisse
498 393 730 476 Xenophontem
761 394 850 457 illum
878 393 1028 458 minorem
1051 393 1140 458 hodie
1164 394 1239 458 satis
1263 396 1393 468 constat,

175 504 281 566 tamen
316 519 388 564 eum
411 501 554 564 Isocratis
578 501 748 564 auditorem
776 500 871 564 fuisse
901 500 991 564 certis
1015 501 1206 580 argumentis
1229 518 1289 562 non
1312 517 1394 562 com-

175 608 320 688 probatur
331 611 350 670 ¹.
404 606 488 686 Quae
517 605 630 688 profert
663 607 701 669 de
731 606 839 670 eodem
869 606 1079 670 Beekbausius
1108 605 1282 670 coniectura
1318 605 1394 668 satis

176 711 269 776 dubia
292 715 453 777 assecutus
476 716 532 776 est.
586 710 647 776 Sed
675 711 713 775 de
736 712 795 775 hac
817 730 849 775 re
872 712 973 774 multu
995 712 1087 775 verba
1111 711 1209 775 lacere
1232 729 1292 774 non
1316 728 1394 792 opus

176 837 243 882 esse
267 819 393 895 videtur,
419 837 491 882 cum
513 817 578 883 fieri
601 836 663 881 non
684 836 773 900 posse
796 820 832 881 ut
854 818 891 881 de
914 817 1112 898 Xenophonte
1134 817 1326 884 minore-hic
1346 834 1395 878 co-

175 924 309 1004 gitemus
338 925 405 1006 ipsa
436 924 577 1005 discipuli
605 925 741 986 oratione
770 923 905 1005 patefiat.
960 921 1105 986 Conferas
1135 923 1218 987 enim
1245 940 1324 1004 quae
1353 922 1397 985 le-

175 1032 292 1109 guntur
314 1030 426 1112 §2372
462 1019 518 1114 τὴν
540 1025 577 1092 δὲ
600 1020 698 1092 πόλιν
721 1025 867 1091 ἐπαινεῖν
888 1025 1093 1114 προελέσθαι
1120 1018 1176 1113 τὴν
1196 1023 1314 1090 σαιεοῦ
1330 1045 1394 1089 σω-

175 1131 301 1220 φρονῶν
323 1139 355 1198 et
377 1136 439 1198 241
459 1154 521 1217 sq.:
556 1124 630 1210 τοὺς
651 1129 711 1215 μὲν
733 1124 809 1210 σοὺς
825 1124 1003 1219 προγόνους
1025 1138 1056 1199 et
1078 1120 1192 1218 ἀγαθὰ
1213 1127 1314 1215 μείζω
1331 1129 1396 1195 τῶν

174 1242 245 1316 τοῖς
267 1230 440 1325 προγόνοις
461 1242 532 1315 τοῖς
554 1241 626 1315 σοῖς
648 1230 844 1325 προσόντων.
890 1240 940 1303 lta
954 1240 1163 1323 Xenophontis
1185 1258 1288 1321 nepos
1305 1239 1394 1303 cuius

175 1346 307 1410 maiores
331 1346 424 1410 iidem
448 1350 535 1410 erant
557 1349 650 1426 atque
672 1346 825 1421 Isocratis,
850 1347 930 1409 certe
953 1345 1053 1410 dicere
1081 1364 1142 1409 uon
1164 1347 1291 1426 poterat.
1344 1345 1395 1407 In-

175 1452 337 1534 superbis
360 1452 436 1534 ipsis
459 1453 559 1516 verbis
582 1451 617 1515 fit
638 1451 839 1515 manifestum
871 1451 972 1533 inepte
994 1451 1210 1516 Lehmannum
1232 1451 1265 1513 in
1288 1450 1304 1532 ᾗ
1328 1451 1393 1514 237

175 1547 265 1643 παρὰ
287 1559 357 1633 τοῖς
383 1544 534 1632 εὐνοϊκῶς
556 1546 640 1642 πρὸς
662 1544 745 1637 ὑμᾶς
766 1552 983 1637 διακειμένοις
1006 1559 1037 1620 et
1059 1555 1076 1637 ᾖ
1094 1557 1157 1619 248
1186 1551 1244 1642 τῆς
1265 1545 1394 1631 πόλεως

173 1659 231 1748 τῆς
253 1651 405 1749 ὑμετέρας
418 1682 471 1745 pro
487 1651 569 1743 ὑμᾶς
591 1663 750 1728 Urbinatis
773 1662 955 1726 auctoritate
978 1662 1099 1725 firmato
1123 1664 1154 1726 et
1173 1680 1226 1743 pro
1240 1649 1395 1746 ὑμετέρας

175 1787 194 1832 a
222 1768 353 1850 Sauppio
376 1771 458 1833 recte
486 1769 628 1832 restituto
657 1768 854 1832 scribendum
881 1786 947 1832 esse
975 1755 1058 1852 ἡμᾶς
1085 1770 1116 1832 et
1139 1755 1297 1852 ἡμετέρας
1324 1785 1395 1831 cou-

173 1874 306 1939 tendere.
352 1873 474 1938 Cadunt
495 1874 592 1954 igitur
614 1892 650 1937 ea
673 1892 752 1954 quae
776 1873 835 1936 duo
858 1873 903 1936 illi
925 1872 983 1937 viri
1005 1874 1042 1937 do
1058 1873 1206 1954 discipulo
1228 1873 1279 1937 illo
1300 1873 1395 1937 Athe-

174 1980 272 2044 niensi
294 1983 396 2044 mente
421 1980 478 2044 sibi
500 1979 660 2044 finxerunt.
707 1978 753 2042 Ne
775 1978 807 2042 id
830 1979 955 2060 quidem
977 1978 1015 2043 iis
1039 1979 1166 2058 contigit
1189 1981 1226 2042 ut
1241 1978 1394 2044 Panathe-

175 2086 299 2148 naicum
330 2089 361 2150 et
390 2085 528 2149 libellum
559 2085 596 2148 de
626 2103 657 2148 re
693 2084 815 2166 publica
845 2084 1156 2148 Lacedaemoniorum
1184 2103 1298 2149 conexa
1328 2103 1394 2148 esse

174 2189 255 2254 inter
277 2209 344 2254 sese
365 2190 452 2254 nobis
474 2189 702 2272 persuaderent.
755 2189 906 2252 Nituntur
939 2192 1045 2254 autem
1073 2207 1108 2254 eo
1136 2189 1217 2272 quod
1239 2190 1393 2272 permulta

174 2297 208 2359 in
231 2289 505 2376 Λακεδαιμονίων
527 2289 679 2380 πολιτείᾳ
694 2295 942 2360 Lacedaemoniis
963 2295 1047 2359 laudi
1062 2295 1178 2360 tributa
1201 2296 1241 2360 ab
1255 2294 1391 2359 Isocrate

174 2401 346 2466 refutentur
380 2420 417 2465 ac
446 2401 632 2489 refellantur.
688 2399 825 2465 Concedo
856 2419 929 2464 sane
957 2401 1014 2464 hoc
1039 2419 1073 2464 re
1101 2419 1173 2465 vera
1203 2400 1278 2465 fieri.
1330 2399 1391 2465 Sed

174 2507 281 2571 minus
304 2507 447 2588 ponderis
469 2507 542 2571 huic
563 2507 607 2570 rei
629 2506 829 2570 tribuendum
858 2509 905 2570 est
928 2525 1022 2587 quam
1045 2509 1081 2570 ut
1102 2509 1260 2588 propterea
1283 2505 1392 2571 eadem

176 2615 268 2693 atque
298 2612 343 2676 illi
371 2613 427 2676 viri
458 2615 644 2676 statuamus.
698 2611 781 2675 Nam
809 2630 878 2675 meo
901 2611 1025 2692 qrridem
1047 2611 1160 2676 iudicio
1181 2611 1306 2676 omuino
1328 2611 1393 2676 fieri

174 2717 282 2799 nequit
311 2717 384 2800 quin
412 2719 492 2784 inter
518 2718 635 2782 librum
664 2735 723 2799 quo
752 2716 985 2781 Lacedaemonii
1015 2718 1146 2782 summis
1173 2717 1318 2782 laudibus
1346 2736 1392 2781 or-

175 2826 290 2886 nantur
312 2826 343 2887 et
365 2824 535 2887 orationem
558 2842 619 2905 qua
634 2823 809 2886 laudatores
825 2841 931 2887 eorum
952 2823 1142 2904 castigantur
1164 2841 1200 2887 ea
1222 2822 1393 2888 intercedat

174 2929 251 2993 ratio
284 2932 321 2993 ut
354 2948 459 2993 eorum
492 2929 641 2992 nonnulla
673 2947 752 3009 quae
782 2929 825 2992 ibi
859 2929 897 2992 de
929 2928 1046 2993 meritis
1080 2929 1390 2993 Lacedaemoniorum

175 3035 307 3099 civitatis
329 3035 546 3117 praedicantur
567 3035 618 3098 hic
640 3035 818 3098 indubium
833 3037 979 3098 vocentur
999 3035 1047 3098 vel
1070 3035 1270 3115 corrigantur.
1314 3032 1391 3098 Ocn-

175 3142 358 3204 sentaneum
381 3141 465 3204 enim
487 3143 535 3204 est
557 3140 667 3205 iisdem
690 3139 834 3203 laudibus
858 3139 969 3220 quibus
984 3139 1017 3202 in
1032 3133 1307 3221 Λακεδαιμονίων
1326 3160 1390 3202 πο-

174 3238 279 3330 λιτείᾳ
300 3265 349 3309 res
371 3245 493 3327 publica
516 3244 827 3310 Lacedaemoniorum
850 3243 974 3308 effertur
996 3263 1101 3309 omues
1124 3245 1234 3309 horum
1257 3245 1391 3308 admira·

174 3354 255 3415 tores
270 3370 342 3415 usos
359 3369 434 3414 esse.
470 3350 659 3433 Quapropter
673 3351 730 3412 hoo
746 3352 966 3430 argumentum
986 3351 1074 3414 nihili
1097 3352 1152 3414 est.
1197 3351 1238 3414 Et
1260 3350 1390 3414 nimium

176 3457 366 3521 contendunt
381 3457 580 3520 Lehmannus
604 3458 635 3519 et
653 3455 874 3531 Beckhausiue‚
897 3475 970 3519 eum
992 3455 1100 3520 dicunt
1122 3474 1178 3520 uec
1200 3455 1338 3520 libellum
1353 3455 1390 3519 de

174 3581 207 3627 re
229 3562 352 3644 publica
375 3561 686 3625 Lacedaemoniorum
708 3580 765 3625 nec
780 3561 1045 3625 Panathenaicum
1066 3561 1214 3643 probabili
1236 3561 1326 3625 modo
1342 3580 1391 3625 ex·

174 3668 281 3749 plicari
302 3686 399 3749 posse,
430 3666 491 3730 nisi
521 3666 638 3730 ratione
670 3685 689 3728 a
712 3685 744 3730 se
772 3667 925 3748 proposita
948 3684 985 3730 ea
1008 3667 1121 3749 scripta
1143 3666 1300 3731 referenda
1324 3685 1390 3730 esse

175 3773 255 3836 inter
278 3791 310 3836 se
333 3775 487 3854 putemus.
533 3771 616 3835 Nam
631 3772 670 3835 ad
686 3772 948 3836 Panathenaicum
964 3772 1160 3853 probabiliter
1175 3772 1391 3855 explicandum

175 3896 209 3941 eo
239 3878 337 3943 libello
364 3897 424 3941 non
454 3896 529 3960 opus
559 3895 625 3940 esse
654 3897 704 3942 me
733 3878 791 3942 hac
824 3876 1081 3942 commentatione
1108 3877 1390 3942 demonstraturum

174 4003 240 4047 esse
263 3984 396 4057 confido;
425 3984 562 4046 libellum
594 3985 700 4046 autem
729 3976 1003 4064 Λακεδαιμονίων
1031 3978 1184 4046 πολιτεία
1206 3984 1389 4065 inscriptum

264 4233 274 4262 ¹
293 4228 333 4284 ef.
354 4228 438 4285 Elaos.
456 4229 473 4286 l.
492 4245 513 4284 c.
532 4229 561 4282 Il
579 4246 604 4298 p.
622 4231 685 4284 450.
