3102 4696
783 172 825 233 36

195 375 310 465 ἑτέρων
343 367 525 442 οἷκοόσωσιν
565 383 596 444 et
622 380 639 462 ἕ
671 384 690 445 9
719 377 797 466 περί
824 371 881 466 τὴν
909 373 1109 466 φιλοσοφίαν
1144 363 1181 466 ἣν
1213 368 1410 464 προειλόμην

193 472 322 564 οῖτυχίαι
343 481 428 561 τινὲς
449 482 505 547 καί
528 478 742 567 συκοφαντίαι
765 475 922 570 γεγόνασι.
970 485 1070 550 Simili
1098 486 1188 549 modo
1217 484 1296 548 inira
1325 485 1342 567 ἓ
1368 485 1407 548 15

194 610 226 654 se
249 591 286 654 iis
309 591 449 673 postponi
471 592 642 672 expostulat
664 592 833 655 oratoribus
857 592 910 672 qui
933 591 1055 655 minuta
1078 594 1201 655 tantum
1229 593 1260 654 ct
1289 592 1408 672 privata

194 697 315 777 negotia
338 698 507 761 tractantes
531 714 564 759 eo
587 696 752 779 procedant
774 695 921 761 audaciae
943 698 980 760 ut
1002 714 1063 760 non
1091 696 1136 760 rei
1162 697 1303 778 publicae
1326 695 1410 759 utili-

192 803 290 865 tatem
312 801 366 866 sed
385 804 550 883 quaestum
571 804 603 865 et
624 801 725 866 sordes
748 820 820 866 suas
837 801 1022 884 spectantia
1038 801 1231 865 contionibus
1246 801 1407 877 habendis,

193 926 384 988 quamquam
413 907 478 989 ipse
511 906 548 971 dc
583 907 750 971 maioribus
785 925 822 970 ao
854 906 1078 988 pulchrioribus
1112 925 1207 988 quam
1241 905 1286 969 illi
1315 906 1408 970 verba

192 1012 285 1076 faciat
313 1013 333 1075 i.
357 1031 382 1076 e.
418 1007 495 1097 περὶ
523 1008 588 1074 τῶν
615 1001 810 1097 Ἑλληνικῶν
839 1009 895 1074 καί
926 1007 1106 1092 βασιλικῶν
1135 1009 1191 1074 καί
1222 1007 1403 1074 πολιτικῶν

192 1107 392 1201 πραγμάτων
421 1117 548 1202 (511).
595 1116 730 1182 Causam
758 1137 827 1182 vero
857 1118 1086 1182 calumniarum
1118 1119 1149 1180 et
1179 1117 1407 1181 mendaciorum

192 1223 303 1303 quibus
325 1223 394 1286 laus
424 1242 481 1286 sua
509 1223 736 1286 contaminetur
764 1223 940 1286 inimicitias
971 1241 1038 1286 esse
1068 1223 1277 1304 sophistarum
1299 1223 1407 1303 glorio-

192 1346 295 1391 sorum
326 1327 361 1410 (Q
377 1329 416 1391 21
442 1314 524 1390 αλλὰ
547 1317 605 1413 γὰρ
629 1314 685 1390 οόκ
707 1314 832 1411 οῖλόγως
854 1314 1021 1413 ῶδυράμην
1044 1323 1077 1388 ἐν
1098 1315 1177 1413 οῖρχῇ
1198 1317 1255 1412 τὴν
1276 1313 1409 1408 ἆτυχίαν

190 1423 246 1518 τὴν
276 1423 590 1518 παρακολουθοῖσόν
618 1455 676 1514 μοι
710 1423 819 1496 πάντα
846 1422 902 1496 τὸν
930 1422 1040 1518 χρόνον
1070 1427 1103 1494 ἒν
1132 1434 1202 1508 τοῖς
1229 1422 1405 1508 τοιοόιοις·

191 1524 268 1624 αότη
284 1528 344 1623 γάρ
366 1534 453 1601 ἐστιν
474 1531 564 1601 αίτία
583 1535 640 1600 καί
662 1534 719 1624 της
739 1531 954 1623 ψευδολογίας
974 1533 1030 1622 τῆς
1051 1532 1129 1621 περί
1153 1558 1194 1618 με
1222 1533 1407 1624 γιγνομένης

190 1641 246 1705 καί
269 1639 332 1705 τῶν
355 1639 515 1725 διαβολῶν
536 1640 592 1706 καί
614 1639 670 1706 τοῦ
692 1633 820 1727 φθόνου
842 1640 898 1705 καί
920 1637 977 1705 τοῖν
999 1632 1042 1728 μὴ
1066 1632 1229 1706 δόνασδαί
1247 1663 1289 1724 με
1304 1645 1408 1722 τυχεῖν

189 1743 246 1834 τῆς
261 1737 355 1833 δόξης
369 1729 407 1833 ἧς
421 1733 512 1825 όῖξιός
526 1741 603 1828 εἰμι,
619 1734 694 1832 μηδ’
712 1735 964 1832 όμολογοομίνης
978 1734 1053 1832 μηδ’
1069 1730 1106 1833 ἣν
1122 1741 1231 1827 ἔχουσί
1245 1769 1328 1824 τινες
1342 1745 1407 1811 τῶν

190 1842 464 1939 πεπλησιακότων
490 1875 549 1933 μοι
571 1850 628 1915 καί
650 1848 797 1937 πανταχῇ
818 1842 1066 1938 τεθεωρηκότων
1087 1841 1193 1938 ἡμᾶς).
1240 1852 1405 1917 Summam

191 1958 285 2038 igitur
314 1958 459 2040 prooemii
488 1976 522 2022 eo
551 1957 691 2021 videmus
725 1957 873 2021 contineri
904 1957 984 2037 qnod
1015 1957 1165 2021 Isocrates
1196 1958 1405 2040 sophistarum

191 2082 267 2143 quos
297 2063 372 2127 dicit
400 2063 578 2127 inimicitias
606 2060 800 2144 impedivisse
829 2062 967 2143 queritur
995 2063 1158 2144 quominus
1187 2062 1312 2126 laudem
1343 2081 1405 2144 qua

191 2168 302 2248 dignus
331 2171 413 2232 esset
443 2167 677 2250 adipisceretur;
713 2170 743 2230 et
776 2168 910 2231 maximo
944 2167 1039 2231 dolori
1073 2168 1101 2232 ei
1133 2167 1228 2232 fuisse
1259 2167 1404 2231 docemur

189 2273 270 2355 quod
293 2273 536 2337 adversariomm
559 2291 684 2336 suorum
708 2272 979 2336 obtrectationibus
1001 2272 1121 2336 factum
1143 2275 1224 2336 esset
1240 2275 1275 2337 ut
1291 2273 1403 2336 civium

188 2397 308 2460 quoque
342 2379 554 2461 imperitorum
586 2378 725 2442 nonnulli
746 2378 779 2440 in
808 2396 933 2459 prorsus
967 2377 1077 2441 falsam
1099 2377 1274 2459 opinionem
1302 2378 1339 2442 de
1371 2397 1403 2442 se

189 2483 421 2548 adducerentur.
468 2483 598 2563 Qualem
627 2483 710 2546 dicat
737 2481 849 2546 falsam
877 2482 1090 2564 imperitorum
1113 2483 1150 2547 dc
1177 2501 1210 2548 so
1231 2483 1404 2565 opinionem

187 2589 385 2669 intellegese
413 2588 493 2670 §18
517 2608 578 2670 οφ,
607 2587 675 2664 uhi,
705 2589 811 2668 utpote
840 2605 901 2668 qna
928 2588 1137 2652 recentissime
1167 2587 1326 2667 divulgata
1355 2588 1402 2664 sit,

189 2694 241 2756 illa
264 2693 416 2775 profertur
439 2693 593 2774 sophistae
615 2691 841 2773 gloriosissimi,
871 2711 963 2773 quem
985 2693 1183 2758 Aristotelem
1212 2711 1279 2757 esse
1310 2711 1403 2775 supra

189 2799 400 2880 exposuimus,
424 2798 612 2873 criminati03
643 2797 835 2861 accusavisse
859 2801 964 2861 autem
985 2798 1068 2862 hunc
1095 2799 1226 2879 legimus
1249 2803 1401 2863 oratorem

189 2903 269 2983 qnod
293 2903 395 2967 studia
417 2903 544 2966 Homeri
568 2905 599 2966 et
620 2902 747 2966 Hesiodi
770 2904 977 2967 contemneret
1005 2905 1037 2967 et
1063 2903 1240 2985 disciplinas
1263 2904 1402 2967 omnium

189 3009 320 3072 aliomm
342 3010 490 3072 everteret
512 3010 542 3072 et
564 3026 670 3071 omnes
700 3007 813 3072 diceret
842 3007 986 3071 hariolari
1014 3011 1135 3089 praeter
1162 3027 1216 3072 eos
1246 3009 1298 3091 qui
1329 3027 1348 3072 a
1371 3028 1403 3073 se

189 3116 292 3177 essent
313 3113 447 3177 instituti
474 3113 504 3196 (Q
528 3113 567 3176 19
600 3100 644 3187 ῶς
675 3101 738 3195 ἕγῶ
769 3100 901 3174 πάντων
928 3108 1121 3198 καταφρονῶ
1148 3108 1212 3175 τῶν
1240 3103 1402 3192 τοιοότων,

188 3212 245 3280 καί
267 3207 326 3293 τοῖς
347 3239 382 3280 τε
405 3211 604 3303 φιλοσοφίας
625 3206 684 3292 τὰς
706 3211 769 3277 τῶν
791 3202 896 3279 ἄλλων
917 3212 974 3278 καί
1000 3206 1059 3291 τὰς
1087 3210 1242 3294 παιδείας
1269 3206 1404 3293 ἆπόσας

188 3309 308 3407 οῖναιρῶ
330 3320 386 3385 καί
410 3321 493 3408 φημί
517 3312 643 3397 πάντας
664 3319 769 3406 ληρεῖν
791 3311 875 3406 πλην
896 3311 970 3397 τοὺς
990 3312 1224 3407 μετεσχηκότας
1246 3317 1303 3408 τῆς
1326 3318 1404 3406 ἐμῆς

189 3424 379 3514 διατριβῆς).
425 3426 542 3506 Quibus
564 3427 609 3490 ita
632 3426 721 3490 dietis
745 3426 838 3489 simul
861 3428 1076 3508 exprobratum
1099 3430 1147 3492 est
1168 3427 1298 3492 Isocrati
1321 3427 1401 3509 qnod

189 3535 397 3598 contemneret
427 3532 638 3596 educationem
668 3531 835 3606 maiorum,
868 3534 905 3594 nt
939 3550 1017 3612 quae
1052 3531 1179 3596 Homcu'
1212 3534 1244 3595 et
1277 3531 1402 3596 Hesiodi

189 3639 362 3703 carminum
391 3637 520 3702 lectione
553 3636 686 3700 maxime
720 3636 933 3699 contineretur.
978 3635 1046 3699 Ηοο
1078 3638 1182 3719 ipsum
1215 3636 1331 3701 falsum
1364 3657 1402 3701 ne

188 3762 295 3808 verum
318 3761 385 3807 esse
408 3742 564 3806 crederent
586 3741 667 3805 cives
691 3740 738 3804 sui
768 3741 894 3804 oratoris
923 3740 1092 3822 plurimum
1120 3741 1294 3806 interfuisse
1318 3741 1404 3806 colli·

188 3849 272 3928 gitur
293 3868 308 3912 e
324 3848 341 3929 ξ
358 3849 407 3923 26,
429 3847 483 3910 ubi
502 3847 639 3909 multum
660 3846 767 3909 abesse
788 3844 950 3909 confirmat
971 3847 1007 3909 ut
1022 3846 1233 3910 educationem
1249 3847 1400 3910 maiorum

189 3955 314 4034 spernat
336 3947 405 4038 (τῆς
425 3947 485 4033 μὲν
508 3931 561 4013 οὖν
591 3944 745 4024 παιδείας
767 3945 823 4035 τῆς
851 3938 919 4011 ὑπὸ
946 3945 1010 4012 τῶν
1037 3940 1203 4036 προγόνων
1225 3949 1401 4036 καταλειφ-

188 4052 304 4144 θείσης
325 4047 479 4122 τοσοότου
501 4051 565 4120 δέω
594 4055 806 4140 καταφρονεῖν
839 4040 922 4117 ῶστε
949 4045 1083 4142 κοίτην
1106 4043 1158 4142 ἐφ’
1186 4044 1275 4142 ἡμῶν
1302 4078 1402 4118 κατα-

188 4165 368 4226 σταθεῖσαν
397 4158 550 4245 ἒπαινῶ).
603 4159 717 4239 Quodsi
745 4162 925 4242 reputamus
954 4160 987 4224 in
1017 4162 1153 4226 oratione
1174 4163 1242 4244 ipsa
1270 4161 1401 4226 summis
