3102 4696
744 173 783 236 41

161 383 280 448 stotelis
304 383 481 467 discipulus,
505 383 542 448 de
565 383 713 448 rhetorice
737 383 898 464 diligenter
920 383 1071 465 scripsit).
1121 383 1163 445 At
1193 381 1380 445 dubitaverit

161 489 291 552 forsitan
314 489 468 571 quispiam
496 507 573 552 num
603 491 712 570 putare
734 489 826 552 liceat
848 488 1016 552 Isocratem
1043 490 1109 551 tam
1131 487 1286 567 integrum
1309 486 1380 550 Pla·

159 594 300 658 tonicum
324 594 514 658 existimasse
536 593 741 671 Aristotelem,
764 594 932 676 prinoipem
956 593 1235 675 Peripateticorum,
1258 594 1295 656 ut
1310 591 1380 655 Pla·

162 702 268 764 tonem
292 699 447 780 castigans
477 700 566 763 illurn
594 699 687 764 vellet
708 700 899 781 impugnare.
951 697 1038 778 Quod
1061 698 1126 762 lieri
1150 716 1224 762 sane
1246 715 1306 761 non
1328 716 1380 780 po·

164 805 287 879 tuimet,
311 805 415 868 eiiam
431 823 466 868 eo
482 823 541 887 quo
556 805 803 870 Panathenaicus
820 804 950 886 scriptus
974 807 1022 868 est
1043 807 1178 886 tempore
1200 802 1379 867 Aristoteles

163 929 197 974 se
220 911 323 992 aperta
346 909 556 974 adversarium
578 910 763 975 Academiae
785 909 939 992 professus
962 912 1053 974 esset.
1099 908 1159 973 Sed
1182 909 1379 973 consentiunt

163 1014 220 1078 viri
235 1015 317 1079 docti
332 1033 403 1078 eum
417 1015 489 1079 inde
505 1016 544 1078 ab
567 1033 647 1080 anno
671 1015 734 1078 335
758 1015 893 1090 demum,
916 1033 989 1078 cum
1011 1033 1028 1078 e
1048 1014 1227 1078 Macedonia
1241 1014 1379 1078 Athenas

162 1120 309 1196 redisset,
337 1120 475 1203 propriae
511 1120 765 1203 philosophorum,
792 1120 912 1184 scholae
940 1118 1108 1202 praefuisse
1142 1119 1380 1201 inimicitiasque

163 1226 331 1291 exercuisse
355 1244 427 1289 cum
449 1225 682 1300 Academicis13
706 1228 774 1289 tum
789 1244 860 1290 vero
876 1242 948 1288 cum
970 1224 1068 1306 primo
1083 1224 1115 1287 in
1138 1243 1175 1290 ea
1197 1225 1273 1288 urbe
1296 1243 1378 1289 com·

161 1333 333 1396 moraretur
356 1331 476 1396 dicendi
497 1333 596 1396 artem
618 1333 744 1394 tantum
766 1330 955 1413 praecepisse
977 1348 1058 1406 eum,
1089 1331 1135 1394 ita
1162 1332 1200 1394 ut
1221 1349 1295 1394 eum
1317 1331 1381 1394 Ise-

162 1439 254 1513 crate,
278 1437 332 1518 qui
353 1439 423 1500 tum
444 1436 477 1500 in
498 1437 621 1518 fastigio
645 1439 740 1501 staret
756 1435 869 1517 gloriae
893 1453 976 1510 suae,
1000 1435 1228 1501 contenderet'.
1273 1435 1380 1518 Neque

161 1543 345 1624 gravissima
374 1543 439 1606 eius
469 1542 597 1625 scripta,
629 1561 646 1606 e
677 1542 790 1624 quibus
821 1540 992 1605 doctrinam
1015 1541 1098 1605 illius
1122 1559 1141 1604 a
1164 1542 1313 1622 magistro
1335 1541 1381 1603 di-

161 1666 284 1712 versam
312 1666 378 1712 esse
407 1649 509 1711 orator
538 1647 714 1727 intellegere
743 1648 862 1728 posset,
891 1649 961 1710 tum
987 1645 1052 1710 iam
1083 1646 1165 1711 edita
1188 1646 1282 1711 fuisse
1305 1647 1381 1712 veri-

162 1753 262 1816 simile
285 1755 340 1818 est.
386 1751 499 1816 Omnia
521 1752 605 1818 euim
628 1771 706 1834 quae
729 1751 855 1834 quidem
871 1752 911 1815 ad
926 1771 981 1816 nos
997 1755 1202 1835 pervenemnt
1216 1754 1381 1836 posteriore

162 1859 289 1922 demum
312 1861 446 1940 tempore
469 1858 642 1940 conscripta
664 1876 731 1922 esse
753 1877 814 1922 non
838 1858 903 1922 sine
925 1857 1034 1922 idonea
1054 1858 1171 1922 ratione
1194 1857 1292 1923 Zeller
1311 1877 1381 1922 cen·

161 1965 258 2028 seith
304 1963 389 2043 Quae
412 1982 482 2028 vero
497 1963 632 2030 Isocrate
654 1965 720 2027 vivo
743 1963 807 2027 iam
829 1962 965 2046 prodisse
988 1965 1228 2027 consentaneum
1252 1967 1299 2028 est
1314 1965 1380 2028 eius

163 2068 287 2151 scripta,
310 2087 346 2133 ea
369 2088 453 2133 more
476 2069 613 2133 Platonis
643 2069 738 2134 etiam
766 2069 798 2132 in
825 2069 939 2150 dialogi
960 2068 1093 2132 formam
1114 2068 1239 2133 redacta
1261 2071 1379 2133 etanta

161 2175 248 2238 Licet
271 2176 376 2238 autem
398 2175 446 2238 vel
468 2193 504 2238 ex
525 2175 574 2238 his
597 2193 723 2256 operum
746 2174 811 2238 eius
826 2173 968 2256 primitiis
991 2174 1037 2237 vir
1055 2173 1262 2255 philosophiae
1278 2173 1379 2237 studio

161 2279 301 2343 eruditus
324 2279 434 2360 aliquis
457 2278 631 2359 intellegere
654 2279 787 2361 potuerit
814 2278 992 2361 scriptorem
1020 2277 1171 2361 imprimis
1195 2278 1317 2361 quidem
1341 2279 1379 2342 de

160 2384 238 2449 ideis
261 2383 324 2448 sive
346 2403 450 2448 rerum
472 2383 579 2448 formis
602 2384 768 2448 nunidem
791 2384 903 2448 sentire
926 2402 962 2448 ac
984 2384 1140 2465 magister,
1170 2386 1251 2448 certe
1274 2387 1380 2448 tamen

161 2489 321 2566 Isocrates,
339 2490 449 2572 quippe
464 2490 516 2571 qui
532 2509 550 2553 a
567 2490 722 2554 subtiliore
744 2507 848 2553 rerum
871 2488 1042 2569 cognitione
1065 2489 1271 2554 alienissimus
1288 2492 1378 2568 esset,

162 2595 361 2676 cogitationes
390 2595 433 2659 ibi
461 2595 595 2678 prolatas
629 2596 673 2658 ita
707 2597 743 2658 ut
772 2595 974 2660 internoseret
1007 2595 1087 2658 inter
1117 2595 1314 2660 Aristotelem
1348 2598 1380 2660 et

161 2700 323 2764 Platonem
344 2701 513 2784 perspicere
535 2699 683 2781 nequivit.
728 2700 810 2764 Huic
832 2700 875 2764 rei
898 2699 1079 2781 documento
1103 2719 1222 2782 quoque
1238 2703 1286 2764 est
1301 2702 1379 2766 ratio

163 2803 365 2887 Cephisodori,
388 2805 532 2870 Isocratis
556 2805 705 2887 discipuli,
729 2805 781 2888 qui
803 2806 990 2886 magistrum
1012 2805 1158 2871 adversus
1181 2806 1377 2871 Aristotelem

162 2911 308 2991 quattuor
329 2912 415 2975 libris
438 2910 589 2986 defendit3
621 2929 692 2976 eum
723 2910 807 2975 enim
835 2912 866 2975 et
896 2911 1007 2993 ipsum,
1030 2930 1103 2974 curn
1131 2913 1163 2974 in
1185 2912 1379 2976 Aristotelioa

161 3014 300 3080 doctrina
322 3016 412 3098 plane
434 3017 544 3097 hospes
568 3019 649 3080 esset
667 3019 699 3080 et
720 3015 912 3098 peregrinus,
936 3017 1132 3080 Aristotelem
1154 3036 1227 3081 cum
1250 3017 1376 3082 Platone

162 3121 275 3185 sentire
303 3123 407 3185 ratum
434 3122 523 3184 illum
553 3121 677 3203 quidem
707 3122 923 3205 impugnasse,
947 3123 979 3185 at
1000 3122 1084 3185 hunc
1105 3122 1248 3204 petivisse
1270 3123 1377 3188 multis

160 3225 261 3290 verbis
284 3230 392 3291 narrat
414 3226 566 3290 Eusebius
592 3226 711 3309 (Praep.
735 3245 841 3308 evang.
864 3226 973 3290 XIV6
997 3217 1235 3314 Κηφισόδωρος
1263 3217 1379 3314 ἐπειδὴ

160 3316 219 3394 ὑπ’
239 3316 482 3416 Ἀριστοτέλους
512 3321 706 3414 βαλλόμενον
741 3327 844 3417 ἑαυτῷ
879 3321 935 3395 τὸν
967 3321 1165 3396 διδάσκαλον
1196 3319 1379 3418 Ἰσοκράτην

162 3425 255 3520 ἑώρα,
287 3423 383 3500 arico&
408 3432 469 3517 μὲν
490 3425 732 3522 Ἀριστοτέλους
760 3421 797 3522 ἦν
818 3424 953 3522 ἀμαθὴς
982 3433 1038 3501 καὶ
1069 3423 1221 3523 dinargus,
1252 3427 1318 3501 ὑπὸ
1341 3434 1379 3501 δὲ

161 3536 219 3604 τοῦ
240 3536 388 3626 καθορᾶν
410 3535 525 3620 ἔνδοξα
546 3531 587 3604 τὰ
612 3531 787 3618 Πλάτωνος
808 3529 1001 3627 ὑπάρχοντα,
1027 3536 1154 3629 οἰηθεὶς
1175 3533 1259 3606 κατὰ
1284 3532 1378 3605 Hid-

159 3666 246 3708 τωνα
272 3635 328 3709 τὸν
353 3633 570 3733 Ἀριστοτέλην
599 3644 801 3734 φιλοσοφεῖν,
835 3642 1036 3728 ἐπολέμει
1056 3634 1378 3731 μὲνᾍριστοτέ-

160 3747 238 3828 λει,
271 3744 416 3833 ἔβαλλε
445 3748 488 3816 δὲ
520 3743 720 3816 Πλάτωνα
749 3749 806 3815 καὶ
836 3741 1004 3838 κατηγόρει
1026 3739 1201 3837 ἀρξάμενος
1223 3739 1294 3815 ἀπὸ
1315 3748 1379 3816 τῶν

160 3848 264 3934 ἰδεῶν,
287 3852 439 3921 τελευτῶν
460 3851 508 3935 εἰς
527 3848 569 3922 τὰ
592 3843 690 3936 ἄλλα,
720 3839 743 3920 ἃ
766 3843 832 3921 οὐδ’
864 3843 959 3933 οὗτὸς
980 3843 1060 3944 ᾔδει,
1083 3843 1165 3920 ἀλλὰ
1186 3847 1227 3921 τὰ
1249 3846 1378 3940 νομιζό-

250 4122 260 4152 ¹
279 4118 363 4172 Zeller
381 4120 427 4172 Ill
444 4137 469 4188 p.
483 4121 524 4175 17.
848 4119 957 4173 ’θεοῖο
975 4119 993 4174 1.
1011 4136 1033 4174 c.
1052 4137 1077 4187 p.
1091 4121 1126 4174 25
1139 4137 1177 4188 sq.

249 4207 261 4240 ³
279 4205 308 4258 L.
328 4221 349 4258 c.
368 4223 392 4274 p.
408 4207 458 4261 156
470 4223 525 4276 sqq.
847 4207 943 4261 ‘Ibid
961 4223 1004 4274 pp.
1019 4209 1052 4262 19
1070 4210 1096 4261 et
1115 4209 1157 4262 59.
