3102 4696
781 116 823 178 24

196 344 228 386 se
258 317 372 387 docere
393 325 567 405 praedicent
596 325 759 406 discipulos
795 325 868 406 quid
902 325 1048 389 facientes
1072 325 1148 387 fiant
1179 325 1275 400 beati3
1305 344 1416 389 earum

196 429 278 494 enim
301 448 405 493 rerum
428 430 589 493 scientiam
614 420 883 516 (ἐπιστήμην)
901 431 1024 493 omnino
1041 448 1100 493 non
1116 430 1252 505 existere,
1277 431 1331 494 sed
1351 432 1419 512 opi-

195 536 301 599 niones
323 537 448 599 tantum
467 525 626 618 (δὸξας).
672 535 853 617 Spengelius
875 535 923 599 bis
946 535 1047 600 verbis
1063 536 1224 616 praecipue
1239 535 1415 616 Megaricos

196 639 359 722 perstringi
395 635 570 722 suspicatus
601 644 680 718 est1,
715 642 795 722 quod
829 642 964 704 multum
1002 641 1096 704 babet
1123 641 1415 716 verisimilitudinis3

197 749 277 810 certe
293 746 332 808 ad
355 745 524 810 Socraticos
548 748 667 828 spectat
681 747 732 810 hic
754 748 848 811 locus.

285 867 364 934 (tum
386 870 480 950 igitur
509 867 677 933 Isocratem
707 869 745 933 de
775 870 904 934 decretis
935 888 971 932 ac
995 869 1165 951 praeceptis
1189 869 1416 934 Socraticorum

197 978 263 1038 tam
292 975 398 1038 leviter
424 973 575 1038 iudicasse
605 974 851 1039 demonstratum
882 975 938 1051 sit,
968 994 1030 1038 non
1063 976 1126 1038 iam
1156 975 1355 1053 mirabimur,
1389 977 1417 1040 si

197 1080 307 1161 quanti
329 1098 377 1143 res
400 1079 439 1142 ad
463 1098 568 1143 eorunr
597 1079 767 1143 doctrinam
795 1082 981 1162 pertinentes
1013 1081 1221 1144 aestimaverit
1242 1082 1418 1162 cognoveri-

197 1204 278 1248 mus.
323 1184 370 1248 De
394 1185 506 1266 quibus
529 1185 638 1260 rebus,
668 1185 687 1249 i.
720 1203 744 1248 e.
776 1187 951 1266 geometria,
982 1187 1144 1266 astrologia
1160 1190 1227 1263 etc,
1251 1205 1324 1250 eum
1346 1189 1417 1250 tum

199 1290 323 1372 quidem
346 1308 417 1354 cum
440 1291 610 1354 orationem
632 1291 665 1354 in
688 1292 841 1373 sophistas
865 1292 1017 1356 scribebat
1039 1293 1121 1356 idem
1138 1293 1269 1357 sensisse
1292 1311 1328 1356 ac
1349 1294 1417 1356 vul·

198 1396 411 1476 guselncete
432 1395 449 1478 ἓ
467 1396 486 1458 8
510 1395 646 1459 eiusdem
669 1397 823 1473 orationis,
839 1397 892 1460 ubi
916 1396 1006 1460 dicit:
1042 1386 1176 1474 εἰκότως
1199 1387 1292 1477 οἶμαι
1314 1419 1416 1460 κατα-

200 1497 353 1588 φρονοῦσι
382 1499 439 1563 καί
470 1494 636 1581 νομίζουσι
665 1488 911 1580 ἀδολεσχίαν
941 1500 1008 1564 καὶ
1029 1497 1320 1587 μικρολογίαν,
1346 1490 1416 1566 ἀλλ’

200 1593 236 1670 οὗ
272 1601 329 1691 τῆς
361 1602 466 1690 ψυχῆς
500 1601 688 1687 ἐπιμέλειαν
721 1597 804 1669 εἶναι
840 1597 913 1683 τὰς
946 1599 1145 1684 τοιαύτας
1180 1597 1415 1693 διατριβάς.

200 1711 281 1775 Sane
305 1711 430 1792 quidem
459 1714 594 1793 tempore
622 1712 802 1793 procedente
831 1714 1016 1777 sententiam
1047 1731 1137 1777 suam
1159 1714 1249 1794 paulo
1272 1715 1415 1789 mutavit,

201 1816 255 1880 sed
277 1835 437 1898 nunqnam
468 1817 527 1879 nisi
555 1835 588 1880 re
619 1818 657 1880 ab
685 1835 748 1880 una
779 1820 903 1882 tantum
931 1821 1019 1900 parte
1050 1820 1187 1901 spectata
1210 1819 1358 1882 iudicavit
1380 1819 1417 1882 de

200 1923 254 1987 illa
277 1921 453 1986 eruditione.
500 1921 667 1986 Videamus
691 1923 772 1986 enim
797 1925 885 2004 quale
909 1924 950 1987 sit
965 1924 1114 1988 iudicium
1137 1924 1202 1987 eius
1225 1925 1258 1986 in
1280 1924 1416 1988 oratione

201 2027 238 2092 de
268 2027 509 2109 permutatione,
545 2045 641 2108 quam
682 2028 906 2110 quinquaginta
935 2028 997 2092 fere
1027 2030 1114 2092 annis
1148 2031 1217 2111 post
1251 2030 1419 2094 orationem

202 2152 295 2215 supra
318 2133 478 2196 laudatam
501 2133 687 2215 conscripsit.
733 2131 878 2198 Concedit
899 2133 993 2214 igitur
1013 2134 1056 2198 ibi
1084 2133 1120 2216 ἐξ
1144 2134 1207 2197 258
1222 2171 1263 2181 -
1276 2135 1340 2198 294
1369 2153 1418 2198 eos

203 2238 255 2320 qui
278 2239 490 2318 astrologiam,
519 2239 719 2317 geometriam
748 2241 805 2302 etc.
840 2239 970 2302 doceant
990 2239 1133 2320 prodesse
1156 2257 1229 2302 sane
1252 2239 1417 2320 discipulis

201 2344 255 2407 sed
277 2362 339 2407 non
361 2345 485 2408 tantum
509 2345 661 2425 quantum
683 2345 741 2426 ipsi
764 2343 957 2426 praedicent3
982 2362 1073 2408 suum
1096 2344 1246 2407 iudicium
1268 2345 1352 2407 band
1373 2345 1416 2406 ita

202 2449 365 2514 abhorrere
388 2449 432 2512 ait
455 2468 473 2512 a
495 2449 594 2529 vulgo,
619 2449 699 2531 quod
722 2449 876 2513 doctrinae
900 2452 992 2531 atque
1014 2449 1216 2513 humanitatis
1240 2449 1352 2524 studia,
1382 2451 1418 2512 ut

203 2574 281 2637 qnae
305 2555 343 2618 ad
366 2555 463 2618 vitam
486 2572 681 2618 communem
704 2556 858 2635 nequeant
879 2555 1022 2629 revocari,
1043 2541 1232 2634 ἀδολεσχίαν
1252 2556 1284 2618 et
1304 2575 1417 2640 μικρο-

202 2655 313 2744 λογίαν
334 2659 456 2722 habeat.
503 2659 677 2722 Uilitatem
701 2659 782 2722 enim
805 2677 908 2722 eorum
931 2660 1052 2722 nullam
1075 2678 1141 2723 esse
1161 2659 1221 2724 nisi
1246 2660 1326 2742 quod
1348 2678 1418 2722 acn-

203 2767 259 2828 ant
280 2766 427 2838 mentem,
450 2764 494 2828 ita
509 2766 546 2827 ut
561 2766 633 2846 apta
647 2764 703 2828 fiat
719 2764 757 2827 ad
773 2765 898 2828 meliora
922 2766 953 2828 et
975 2765 1199 2846 praestantiora
1224 2763 1418 2846 (rhetoricam

205 2871 332 2952 scilicet)
356 2869 476 2933 facilius
499 2887 535 2933 ac
563 2870 733 2951 promptius
763 2868 955 2951 percipienda
985 2868 1019 2952 (ᾖ
1043 2871 1106 2933 265
1138 2865 1171 2931 ἒν
1192 2859 1319 2945 τούτοις
1341 2891 1418 2952 γομ-

204 2971 378 3051 νασθέντες
400 2971 456 3037 καὶ
472 2971 728 3060 παροξυνθέντες
743 2970 818 3060 ῥᾷον
829 2972 886 3036 καὶ
909 2969 1032 3037 θᾶττον
1046 2965 1088 3036 τὰ
1111 2963 1349 3059 σπουδαιότερα
1363 2972 1418 3036 καὶ

205 3077 343 3157 πλέονος
376 3067 452 3158 δίξια
485 3077 549 3143 τῶν
582 3069 781 3166 πραγμάτιον
814 3067 1042 3159 ἀποδέχεσθαι
1075 3077 1132 3142 καί
1154 3069 1338 3160 ’μανθάνειν
1365 3068 1418 3142 δί-

205 3187 337 3271 νανιαι).
384 3184 575 3268 Quapropter
597 3187 701 3249 monet
723 3184 934 3248 adulescentes
966 3203 1005 3248 ne
1034 3185 1097 3248 illis
1128 3185 1236 3248 studiis
1262 3184 1418 3265 ingenium

206 3313 298 3358 suum
322 3310 495 3356 exarescere
518 3291 622 3355 sinant
644 3309 719 3354 neve
740 3289 881 3353 incidant
902 3289 936 3352 in
958 3309 1006 3354 res
1030 3289 1178 3353 absurdas
1201 3290 1233 3352 in
1257 3308 1333 3371 quas
1357 3291 1420 3352 ato-

205 3418 328 3464 morum
352 3399 527 3472 sectatores,
542 3396 750 3477 Empedocles,
771 3394 835 3472 Ion,
851 3395 1026 3470 Alcmaeon,
1044 3394 1251 3470 Parmenides
1267 3395 1419 3468 Melissus,

206 3505 266 3570 alii.
319 3504 411 3567 Porro
443 3503 535 3582 negat
564 3519 614 3565 eos
647 3501 698 3583 qui
728 3503 841 3564 natura
871 3500 911 3564 ad
940 3500 1088 3563 uirtutem
1117 3518 1154 3564 ao
1175 3500 1326 3564 iustitiam
1349 3499 1420 3562 facti

206 3631 267 3675 non
291 3611 353 3674 sint
374 3609 439 3671 ulla
462 3613 527 3670 arte
549 3607 692 3670 honestos
715 3625 751 3670 ac
772 3606 870 3670 iustos
893 3606 959 3669 fieri
981 3623 1085 3687 posse3
1116 3605 1180 3668 sola
1207 3606 1358 3669 rhetorica
1380 3603 1421 3668 ef·

205 3717 257 3780 fici
278 3719 314 3779 ut
336 3715 415 3779 tales
438 3713 538 3794 aliquo
561 3712 650 3775 modo
672 3711 749 3775 fiant
772 3711 918 3776 meliores.
965 3711 1066 3774 Bonos
1082 3711 1164 3774 enim
1187 3713 1330 3786 oratores
1351 3729 1421 3773 cum

207 3821 387 3902 magnificas
411 3821 442 3883 et
463 3819 609 3884 honestas
633 3820 664 3880 et
686 3817 789 3897 generi
811 3818 946 3880 humano
969 3816 1060 3880 utiles
1086 3816 1238 3881 orationes
1262 3833 1421 3880 consueve-

207 3927 269 3990 rint
297 3925 458 4000 conficere,
486 3924 519 3986 in
550 3921 666 4003 agendo
697 3940 815 4004 quoque
843 3941 891 3986 res
920 3921 1152 3986 honestissimas
1178 3921 1420 4002 utilissimasque

299 4156 308 4186 ¹
326 4152 356 4206 L.
376 4167 396 4204 c.
416 4166 441 4217 p.
460 4151 520 4207 747.
