3102 4696
746 166 788 228 63

155 367 265 458 άξίους
295 369 378 442 εἶναι
409 375 476 465 ζῆν,
508 373 536 441 εὶ
567 368 611 464 μὴ
642 369 802 440 δεσπόται
831 373 948 439 πασῶν
976 373 1040 440 τῶν
1069 372 1102 439 ἐν
1133 367 1372 462 Πελοποννήσῳ

158 477 285 548 πόλεων
307 481 462 570 γενέσθαι
484 483 651 570 δυνηθεῖεν
672 482 763 566 κτλ).
804 484 895 547 Porro
918 483 988 548 inde
1011 483 1092 564 quod
1115 483 1278 564 posteriore
1303 500 1376 564 quo·

158 612 217 675 que
240 597 376 674 tempore
406 611 525 674 semper
555 591 668 672 gloriae
699 591 877 655 serviverint
906 593 973 653 orta
1004 609 1071 654 esse
1102 589 1259 671 praedicat
1288 589 1378 652 libcr-

158 703 255 764 tatem
279 717 385 762 eorum
405 700 585 779 perpetuam
608 700 639 760 et
661 697 785 762 laudem
814 696 972 770 bellicam3
1002 714 1100 776 neque
1124 695 1207 758 enim
1236 714 1376 776 unquam

156 806 225 869 illos
248 823 439 885 quamquam
461 821 573 885 paucos
595 803 767 882 ingentium
789 802 950 865 civitatum
969 801 1096 884 imperio
1113 802 1265 865 subiectos
1280 801 1376 864 fuisse

158 911 351 991 eosdemque,
384 911 456 992 qnia
479 912 598 990 praeter
621 911 736 972 ceteros
759 926 913 989 pugnaces
936 927 1007 988 rege
1038 907 1115 970 duce
1146 927 1302 989 nusquam
1326 907 1377 970 de-

157 1017 229 1080 victi
253 1019 364 1091 essent,
392 1015 501 1078 merito
533 1015 611 1079 bello
642 1017 747 1078 contra
774 1013 884 1077 Persas
916 1013 1046 1094 gerendo
1069 1013 1238 1095 praefuisse
1261 1012 1294 1095 (ἓ
1311 1015 1374 1076 257

159 1118 276 1199 ἐξεῖναι
298 1111 358 1205 γὰρ
380 1114 487 1183 εἰπεῖν
518 1106 628 1194 αὐτοῖς
657 1106 707 1181 ὅτι
737 1121 833 1205 σφεῖς
854 1114 913 1198 μὲν
943 1103 1030 1194 δντες
1059 1105 1160 1195 otras
1191 1105 1295 1201 ὀλίγοι
1322 1107 1378 1180 τὸν

158 1213 300 1310 άριδμὸν
334 1213 468 1312 οὗδεμιᾷ
499 1214 639 1288 πώποτε
668 1221 732 1286 τῶν
761 1214 959 1309 μυριάνδρων
993 1215 1121 1287 πόλεων
1153 1212 1378 1310 ἦκολοόδησαν

161 1317 226 1394 odd
252 1326 409 1416 ἐποίησαν
431 1322 469 1394 τὸ
492 1320 780 1415 προσταττόμενον,
805 1316 874 1392 άλλ)
896 1316 1066 1410 αὐτόνομοι
1083 1327 1264 1392 διετέλεσαν
1278 1315 1375 1405 δντες,

160 1423 251 1498 οὗτοὶ
286 1422 315 1498 δ
344 1432 376 1498 ἓν
402 1433 449 1521 τῷ
475 1431 612 1520 πολέμῳ
645 1432 691 1520 τῷ
718 1425 803 1520 πρὸς
828 1425 903 1511 τοὺς
936 1426 1117 1520 βαρβάρους
1150 1424 1281 1497 πάντων
1313 1432 1378 1497 τῶν

157 1530 311 1628 Ἑλλήνιον
332 1530 482 1627 ἡγεμόνες
504 1539 719 1626 κατέστησαν,
752 1539 808 1604 καὶ
838 1537 895 1627 τῆς
921 1537 1016 1627 τιμῆς
1045 1531 1160 1626 ταάιης
1190 1534 1297 1620 ἔλεγον
1321 1527 1378 1603 οὖν

159 1633 292 1731 ἀλόγως,
316 1633 400 1710 άλλὰ
423 1638 537 1710 διὰτὸ
559 1639 665 1728 μάχας
687 1637 901 1733 ποιησάμενοι
924 1642 1082 1722 πλείστας
1103 1633 1291 1734 άνδρώπιον
1306 1633 1376 1708 κατ’

160 1747 281 1814 ἐκεῖνον
302 1742 358 1815 τὸν
378 1743 488 1837 χρόνον
508 1748 668 1838 μηδεμίαν
689 1741 867 1838 ἡττηθῆναι
888 1741 1008 1814 τούτων
1031 1741 1204 1838 ἡγουμένου
1218 1747 1379 1833 βασιλέως

159 1843 242 1920 ἀλλὰ
265 1853 459 1943 νενικηκέναι
482 1848 618 1941 πάσας).
657 1859 814 1922 Postremo
836 1859 1042 1939 praestantiae
1058 1876 1167 1921 eorum
1181 1858 1212 1920 id
1228 1856 1378 1920 indicium

160 1963 249 2026 affert
279 1964 499 2044 gravissimum
531 1965 611 2045 quod
640 1965 870 2028 calamitatibus
899 1964 936 2027 iis
968 1964 1079 2045 quibus
1110 1964 1219 2038 ceteri,
1249 1963 1378 2027 internis

160 2068 295 2132 discidiis
330 2073 361 2132 et
396 2069 541 2133 caedibus
576 2073 607 2133 et
640 2088 744 2134 rerum
779 2087 928 2132 novarum
965 2069 1089 2144 studiis,
1121 2088 1282 2150 nunquam
1317 2069 1379 2132 sint

161 2175 330 2255 perturbati
355 2174 395 2256 (ᾖ
406 2175 468 2237 258
486 2177 555 2258 sq.).
592 2175 608 2236 I
624 2195 642 2238 a
658 2176 826 2256 discipulus
845 2175 967 2238 iniustis
983 2175 1255 2256 vituperationibus
1279 2193 1380 2237 ama·

162 2280 265 2359 gistro,
282 2281 335 2360 qui
351 2279 662 2344 Lacedaemoniorum
682 2299 804 2343 morum
824 2283 856 2343 et
871 2299 974 2343 rerum
990 2283 1149 2360 gestarum
1164 2280 1239 2344 vitia
1255 2283 1379 2354 tautum

161 2385 369 2465 investigavit,
398 2385 523 2466 prolatis
554 2403 632 2465 quae
662 2385 830 2448 laudabilia
859 2386 920 2448 sint
949 2386 980 2448 in
1006 2385 1117 2448 iisdem
1139 2387 1230 2449 rebus
1254 2387 1379 2468 opponit

164 2494 195 2552 et
218 2509 271 2570 per
294 2491 427 2572 speciem
456 2491 712 2572 interpretationis
741 2490 893 2570 significat
924 2491 1184 2571 quemadmodum
1211 2492 1380 2555 orationem

163 2595 267 2674 cupiat
301 2599 478 2660 correctam.
536 2595 637 2674 Quam
672 2595 814 2660 orationis
848 2596 1130 2677 interpretationem
1165 2616 1237 2660 cum
1271 2596 1380 2678 probat

162 2700 312 2764 Isocrates
343 2701 483 2783 discipuli
514 2701 637 2765 consilio
672 2702 835 2766 obsecutus
867 2701 911 2782 (v.
934 2701 952 2783 ὅ
976 2702 1074 2784 262),
1103 2702 1252 2765 iudicium
1287 2721 1379 2764 suum

162 2823 224 2867 non
243 2805 283 2868 ab
304 2807 387 2868 omni
403 2810 488 2887 parte
504 2807 762 2889 circumspectum
779 2811 965 2888 compensat.
1004 2807 1086 2870 Nam
1101 2807 1239 2871 concedit
1254 2807 1377 2871 easdem

162 2929 211 2974 res
243 2910 354 2992 quibus
382 2911 447 2994 ipse
478 2931 553 2976 usus
585 2913 625 2976 sit
655 2911 694 2976 ad
725 2913 999 2976 demonstrandum
1029 2911 1284 2976 Lacedaemonios
1312 2931 1379 2977 esse

164 3017 321 3092 scelestes,
345 3018 372 3081 si
393 3018 433 3081 ab
456 3019 553 3082 altera
575 3020 660 3101 parte
685 3021 874 3100 spectentur,
904 3018 937 3080 in
960 3019 1026 3100 ipsa
1048 3018 1138 3082 laude
1162 3037 1267 3081 eorum
1290 3037 1378 3099 posse

163 3123 242 3203 poni.
287 3121 373 3202 Quae
396 3122 526 3188 sirecte
550 3129 622 3188 suut
645 3123 817 3206 disputata,
847 3125 950 3187 orator
971 3123 1207 3190 contradictione
1237 3123 1379 3206 discipuli

162 3226 387 3292 Panathenaico
411 3227 556 3292 adiuncta
585 3229 617 3292 id
641 3230 736 3293 voluit
765 3229 882 3294 efficere
910 3236 947 3292 ut
968 3229 1153 3311 Theopompi
1176 3229 1277 3310 gratia
1300 3248 1379 3310 quae

163 3332 254 3395 nimis
278 3351 385 3414 aspera
408 3335 439 3396 et
461 3333 566 3414 iniqua
590 3333 703 3397 iudicia
725 3335 757 3397 in
780 3335 914 3398 oratione
936 3334 973 3397 de
989 3334 1237 3398 Lacedaemoniis
1258 3335 1380 3399 tulisset

162 3437 206 3500 ita
229 3441 499 3519 compensarentur
522 3457 558 3502 ac
581 3439 812 3519 corrigerentur.

251 3543 311 3606 Hic
342 3544 551 3624 quaerendum
590 3548 637 3608 est
674 3564 752 3608 num
782 3546 848 3609 iure
877 3545 916 3608 H.
941 3545 1071 3608 Wolfius
1101 3546 1120 3608 l.
1144 3564 1169 3609 c.
1201 3546 1284 3609 dicat
1314 3546 1380 3608 fieri

163 3666 252 3728 posse
281 3637 329 3712 ‘ut
351 3651 434 3712 totus
456 3649 507 3712 ille
541 3649 679 3728 dialogus
703 3651 742 3713 ab
765 3650 900 3714 Isocrate
924 3652 964 3714 sit
987 3637 1155 3714 confictus'.
1207 3650 1379 3729 Quominus

163 3753 257 3832 igitur
287 3755 342 3818 hoc
373 3755 575 3818 concedamus
606 3755 636 3818 id
671 3755 805 3836 primum
840 3757 943 3820 obstat
978 3757 1057 3837 quod
1092 3759 1194 3820 orator
1227 3757 1258 3820 in
1286 3758 1378 3820 rebus

163 3877 242 3940 quae
265 3859 305 3922 ad
338 3860 558 3941 disputationes
587 3861 654 3924 illas
684 3880 757 3924 cum
780 3861 927 3942 discipulo
951 3862 1111 3926 institutas
1134 3863 1286 3944 pertinent
1308 3881 1381 3926 nar·

162 3965 268 4027 randis
299 3964 421 4045 singula
443 3965 566 4030 definite
590 3967 790 4047 persequitur.
843 3967 966 4030 Etenim
995 3968 1091 4048 ipsius
1122 3968 1261 4050 discipuli
1290 3988 1380 4051 pecu-

162 4069 238 4133 liare
266 4069 427 4149 ingenium
458 4074 524 4134 tam
553 4072 681 4152 propriis
711 4089 747 4134 ac
777 4072 868 4135 certis
897 4072 1090 4136 lineamentis
1121 4073 1251 4137 describi
1281 4081 1317 4138 ut
1343 4075 1380 4137 de

163 4193 296 4256 persona
326 4175 428 4256 aliqua
459 4176 531 4239 ficta
561 4178 695 4257 cogitare
725 4196 786 4240 non
817 4177 916 4252 liceat,
947 4178 1000 4241 sed
1029 4182 1130 4242 certus
1158 4180 1258 4253 horne,
1286 4179 1382 4242 Theo·
