3102 4696
763 174 802 235 12

177 382 251 456 ταῖς
278 369 404 456 τοαιοις
435 402 523 443 οαιοι
554 371 730 461 ἐντυχόντες
758 371 986 468 ἐξηπάτηνται)
1017 401 1079 445 non
1111 399 1215 446 veram
1237 380 1395 457 virtutem,

179 486 233 550 sed
255 505 342 550 mera
364 487 429 550 eius
453 487 618 551 simulacra
640 490 856 570 persequentes
881 485 967 568 (ibid.
985 488 1080 552 oooc
1106 473 1218 550 οὖνοῦν
1248 481 1396 567 τιθῶμεν

179 578 248 653 απὸ
268 579 404 677 Ὁμήρου
425 579 619 677 ἀρξαμένους
641 582 767 668 πάντας
788 583 863 669 τοὺς
885 581 1076 678 ποιητικοὺς
1096 581 1239 678 μιμητὰς
1253 581 1396 655 εἰδώλων

179 687 291 782 ἆρετῆς
319 686 402 760 εἶναι
432 695 489 760 καὶ
511 694 575 760 τῶν
597 684 710 776 αλλων,
742 696 819 783 περὶ
849 679 893 761 ὧν
915 693 1058 776 ποιοῦσι,
1089 693 1146 782 τῆς
1173 693 1210 760 δὲ
1236 683 1396 784 ἀληθείας

180 788 234 880 οὐχ
262 789 450 881 dircardus,¹
480 803 516 867 cl.
547 804 610 867 599
634 822 652 867 a
675 804 704 867 d.
735 805 797 867 605
822 822 841 867 a
863 803 906 888 b),
934 803 1023 867 hice
1053 803 1203 867 conuario
1233 801 1272 866 ad
1294 822 1396 867 mores

179 907 386 973 emendandos
417 909 591 991 aptissimos
621 928 671 974 eos
700 909 878 974 iudicaverit
908 927 1032 974 necesse
1060 911 1124 984 est,
1158 908 1225 972 ideo
1256 907 1397 972 videlicet

179 1013 251 1094 quia
279 1014 445 1078 honestum
476 1016 565 1096 quale
595 1018 678 1079 esset
704 1018 735 1080 et
762 1016 958 1079 inhonestum
987 1014 1180 1097 proponendo
1211 1014 1250 1078 ab
1283 1014 1397 1096 impro-

178 1118 275 1182 bitate
305 1138 358 1183 nos
388 1119 583 1196 deterrerent,
613 1121 777 1184 incitarent
806 1120 844 1184 ad
874 1121 1059 1204 probitatem
1068 1124 1088 1184 1.
1139 1118 1227 1184 Adde
1258 1119 1397 1184 studium

179 1223 306 1289 Homeri
337 1226 510 1289 carminum
541 1245 601 1308 quo
631 1226 743 1292 arsisse
770 1226 978 1290 Alexandrum
1007 1225 1176 1308 philosophi
1206 1225 1272 1290 eius
1306 1225 1397 1288 disei-

178 1330 287 1412 pulum
309 1332 474 1396 memoriae
497 1331 652 1415 proditum
675 1333 731 1396 est.
784 1330 878 1395 (luins
902 1331 997 1396 studii
1027 1331 1101 1413 quin
1124 1334 1231 1395 auctor
1253 1331 1281 1396 ei
1303 1330 1396 1395 fuerit

178 1436 229 1499 ille
259 1437 454 1519 philosophus
485 1437 615 1501 dubium
645 1457 712 1502 esse
742 1455 777 1502 eo
804 1438 908 1503 minus
939 1439 1041 1519 potest
1069 1436 1150 1518 quod
1185 1436 1395 1501 recensionem

179 1541 294 1617 Iliadis,
318 1541 355 1606 de
378 1562 440 1624 qua
462 1544 553 1625 paulo
577 1562 671 1625 supra
695 1543 838 1618 diximus,
862 1543 901 1606 ad
923 1543 1010 1625 pueri
1026 1542 1091 1606 eius
1107 1543 1184 1624 regii
1198 1542 1396 1624 potissimum

179 1665 271 1710 usum
300 1652 511 1730 comparatam
540 1667 606 1713 esse
636 1651 765 1714 constat.
819 1648 968 1712 Videmus
991 1648 1086 1728 igitur
1107 1646 1277 1737 identidem
1300 1666 1395 1729 quam

179 1771 239 1816 non
262 1753 397 1817 alienum
428 1755 468 1817 sit
499 1754 538 1818 ab
561 1755 723 1819 Aristotele
746 1754 865 1836 quidvis
897 1773 1002 1818 eorum
1027 1773 1106 1835 quae
1129 1753 1335 1835 comperimus
1358 1753 1395 1816 de

178 1964 294 2030 ratione
323 1965 405 2030 illius
429 1967 616 2042 contentum,
647 1965 692 2029 ita
722 1968 759 2028 ut
790 1966 838 2029 vel
870 1983 905 2030 er
928 1965 966 2029 iis
996 1984 1074 2047 quae
1101 1965 1260 2046 hucusque
1283 1966 1394 2028 collata

179 2072 254 2134 sunt
275 2070 471 2135 Aristotelem
494 2072 618 2153 eiusque
642 2069 805 2153 discipulos
829 2070 868 2134 ab
890 2071 1025 2135 Isocrate
1047 2071 1224 2153 impugnari
1246 2070 1306 2134 hoo
1328 2071 1394 2134 loco

179 2176 234 2239 fiat
256 2175 523 2240 verisimillimum.
575 2176 804 2241 Firmissimum
827 2194 896 2240 vero
919 2178 1138 2257 argumentum
1161 2178 1192 2240 et
1213 2174 1246 2238 id
1269 2175 1394 2256 quidem

178 2281 257 2344 tanti
279 2282 427 2346 momenti
449 2285 485 2346 ut
506 2301 555 2347 res
578 2301 615 2346 ex
637 2282 900 2346 verisimilitudine
930 2281 969 2346 ad
992 2281 1190 2346 manifestam
1211 2280 1304 2346 fidem
1327 2299 1395 2362 per-

178 2386 310 2450 ducatur
341 2387 477 2452 invenies
507 2388 539 2451 in
568 2388 606 2452 iis
636 2405 714 2470 quae
744 2390 851 2451 narrat
884 2389 984 2452 orator
1012 2387 1050 2451 de
1080 2387 1187 2452 eodem
1221 2385 1394 2450 adversario

176 2492 391 2572 gloriosissimo
422 2497 453 2558 et
482 2493 771 2558 maledicentissimo
799 2493 901 2557 laudis
932 2512 1005 2558 suae
1034 2493 1183 2556 oratoriae
1212 2493 1314 2558 vetere
1342 2492 1395 2556 ob-

177 2600 339 2662 trectatore
367 2598 455 2680 (516
475 2595 548 2661 τῶν
571 2592 755 2680 οἰομένων
778 2594 979 2685 διαφέρειν
1000 2595 1066 2660 καὶ
1090 2587 1304 2683 ζηλοῦντων
1327 2593 1394 2678 ἐμὲ

177 2700 244 2766 καὶ
265 2705 482 2785 μιμεῖσθαι
506 2701 740 2788 μλιχομένων
757 2702 839 2788 κτλ).
877 2704 984 2787 Ipsum
1000 2704 1082 2768 enim
1097 2703 1294 2768 Aristotelem
1309 2691 1394 2767 ‘eum

177 2809 283 2872 florere
300 2809 466 2872 Isocratem
490 2809 648 2874 nobilitate
671 2809 892 2891 discipulorum
907 2809 1032 2885 videret,
1056 2809 1136 2889 quod
1158 2809 1222 2892 ipse
1239 2828 1312 2873 suas
1333 2809 1395 2872 dis·

178 2915 353 2996 putationes
372 2933 391 2978 a
409 2915 511 2979 causis
526 2915 696 2980 forensibus
711 2917 742 2980 et
757 2915 896 2979 civilibus
913 2915 953 2979 ad
967 2916 1092 2979 inanem
1108 2916 1256 2981 sermonis
1273 2915 1395 2995 elegan-

178 3020 255 3084 tiam
278 3006 497 3085 transtulisset'
522 3019 596 3102 (Cio.
614 3021 651 3085 de
666 3023 742 3085 orat.
766 3020 881 3096 11135,
898 3020 984 3102 141),
1007 3040 1039 3086 se
1063 3020 1179 3085 diutius
1201 3022 1304 3085 tenere
1327 3039 1394 3084 sese

178 3144 238 3188 non
256 3144 343 3206 posse
367 3126 441 3206 quin
459 3127 485 3190 ei
504 3125 718 3208 obloqueretur
734 3127 865 3207 legimus
884 3127 1099 3209 pronuntiasse
1119 3128 1151 3191 et
1167 3113 1393 3209 ‘pomeridianis

179 3230 289 3294 scholis
313 3233 411 3296 artem
433 3233 597 3296 oratoriam
623 3233 794 3315 praecipere
817 3218 962 3314 coepisse'
987 3229 1103 3313 (Quint.
1127 3231 1203 3296 Inst.
1226 3250 1268 3296 or.
1291 3231 1340 3294 Ill
1364 3230 1394 3307 l,

181 3336 256 3420 126)
268 3337 288 3400 ².
342 3337 483 3402 Eundem
513 3338 545 3400 in
574 3339 633 3401 hac
655 3337 861 3402 aemulatione
883 3338 1031 3402 acerrime
1053 3337 1223 3402 invehendo
1246 3339 1278 3401 et
1299 3337 1394 3400 laces·

180 3440 272 3506 sendo
295 3442 477 3507 imminuere
501 3442 656 3508 studuisse
679 3443 893 3507 auctoritatem
916 3441 1006 3506 invisi
1028 3443 1165 3519 rhetoris,
1189 3443 1220 3506 id
1239 3442 1320 3523 qnod
1343 3441 1392 3504 hic

180 3547 350 3628 sophistam
372 3547 461 3610 illurn
484 3548 610 3630 eiusque
633 3551 833 3612 assectatores
856 3548 964 3613 fecisse
980 3549 1083 3628 arguit
1110 3547 1140 3630 (ἓ
1166 3549 1206 3611 16
1231 3533 1297 3612 οὐδ’
1316 3534 1394 3627 ἆμε-

178 3650 244 3714 λιῖν
266 3640 355 3737 ἡμῶν
378 3648 548 3716 ἐθέλουσιν
570 3639 640 3716 ἀλλ’
663 3640 715 3716 ciel
736 3676 768 3716 τι
785 3649 926 3740 φλαῦρον
940 3651 1016 3736 περὶ
1040 3649 1119 3734 ἐμοῦ
1141 3648 1309 3737 λέγουσιν),
1323 3670 1395 3716 oum

179 3758 308 3822 aliorum
330 3759 399 3822 tum
422 3757 576 3823 Ciceronis
598 3759 657 3824 fide
680 3759 877 3825 confirmatur
906 3757 957 3840 (cf.
988 3756 1051 3823 Cio.
1076 3758 1160 3823 Orat.
1186 3759 1236 3836 19,
1260 3760 1301 3821 62
1326 3758 1396 3821 Ari-

269 3955 278 3984 1
297 3938 381 4004 aare
398 3949 416 4003 1.
435 3967 455 4003 ι.
475 3967 517 4018 pp.
539 3952 589 4004 rae
608 3953 634 4003 et
652 3953 712 4006 aaa

268 4039 407 4106 icopiose
431 4038 463 4092 de
487 4038 537 4091 hac
563 4039 698 4093 simultate
722 4039 840 4107 exposuit
859 4039 938 4093 Grote
965 4038 1101 4092 Aristotle.
1134 4038 1182 4094 lld.
1207 4037 1256 4091 lll.
1287 4036 1395 4090 London

182 4127 249 4182 1883
268 4142 311 4193 pp.
330 4126 444 4180 21-25.
481 4126 521 4180 ef.
541 4126 624 4180 Zeller
641 4126 689 4179 11²
706 4144 731 4196 p.
752 4128 793 4182 18.
812 4125 871 4181 adn.
892 4128 916 4181 3.
948 4125 1095 4180 Reinhardt
1113 4126 1145 4181 de
1163 4125 1287 4181 Isocratis
1305 4140 1395 4180 aemu-

178 4214 212 4266 lis
230 4213 343 4283 (dissert
361 4212 443 4269 Bonn.
465 4214 542 4282 1873)
561 4229 585 4282 p.
604 4215 639 4269 40
651 4229 706 4283 sqq.
