3102 4696
790 137 832 200 32

707 227 917 235 ——

206 345 318 428 μένων,
351 344 410 409 ἐπὶ
438 337 493 409 τὸν
522 337 616 432 λόγον
646 337 739 428 οἶμαι
766 345 953 432 τρέψεσθαι
980 337 1035 410 τὸν
1064 345 1159 433 περὶ
1188 344 1265 410 τῶν
1292 347 1420 411 πολι-

203 449 324 515 τειῶν
346 453 395 531 (ef.
419 453 436 534 ξ
462 455 546 535 113).
597 456 698 534 Atque
720 454 764 516 ita
787 458 939 516 oratorem
965 454 1135 517 instituisse
1164 454 1270 517 laudes
1293 455 1421 518 Atheni·

204 559 359 622 niensium
387 559 431 621 rei
459 559 599 639 publicae
629 561 665 621 ut
695 559 865 639 philosophi
894 559 1045 622 rationem
1075 559 1271 640 impugnaret
1297 561 1422 642 insuper

203 664 328 743 colligas
359 682 395 726 en
422 664 460 726 iis
484 682 562 745 quae
593 664 761 745 discipulus
793 664 830 726 de
853 664 976 727 oonsilio
1005 665 1149 744 magistri
1178 665 1275 746 aperit
1296 665 1314 746 ξ
1338 666 1419 728 261:

204 759 362 853 ἑπηνεκας
389 759 449 886 γὰρ
478 758 537 843 τὰς
563 757 726 843 πόλεις
706 765 957 886 αμφοτὲρας..
983 759 1089 854 wipo
1107 765 1198 886 μὲν
1219 760 1321 831 κατὰ
1351 759 1422 886 την

204 863 329 950 δόξαν
370 895 441 958 την
480 869 559 935 τῶν
595 869 770 951 πολλῶν,
816 854 859 959 ἧς
896 861 1034 949 ουδεὶς
1070 869 1145 936 τῶν
1182 861 1422 954 ὀνομαστῶν

202 965 334 1042 uiuri
284 1001 358 1063 ρων
381 969 767 1065 καταπεφρόνηκεν,
790 980 845 1042 ubi
860 978 1020 1043 Platonem
1040 980 1194 1060 designari
1209 978 1420 1044 Reinhardtus

204 1085 280 1147 vidit
290 1087 312 1147 ¹.

291 1207 349 1270 His
373 1207 468 1286 igitur
490 1206 563 1269 loeis
586 1207 620 1268 in
650 1207 783 1270 oratione
814 1207 913 1270 eluoet
941 1207 1179 1271 aontroversiam
1201 1225 1268 1270 esse
1291 1206 1420 1270 Isoorati

204 1331 275 1375 oum
304 1311 440 1375 Platone.
500 1311 587 1374 Idem
616 1312 751 1375 invenies
780 1313 906 1393 insuper
934 1312 950 1394 ᾖ
976 1313 1026 1387 84,
1056 1312 1109 1376 ubi
1139 1313 1175 1375 de
1204 1313 1241 1376 iis
1270 1313 1421 1375 obtreota-

203 1417 321 1480 toribus
352 1415 381 1499 (ἓ
406 1418 447 1479 85
470 1412 534 1478 τῶν
558 1407 771 1502 ἐπιπλήττειν
799 1438 856 1496 μοι
884 1406 1117 1501 τολμησόντων)
1148 1417 1200 1498 qui
1230 1437 1262 1480 se
1290 1418 1321 1480 in
1354 1435 1422 1480 ora·

203 1522 284 1586 tione
314 1540 410 1602 aequo
439 1521 608 1601 longiorem
631 1523 821 1602 obiurgaturi
851 1521 913 1584 sint
939 1521 1014 1584 dioit
1041 1522 1092 1584 ille
1115 1523 1204 1584 haee:
1236 1508 1293 1584 οὐκ
1315 1508 1420 1604 ἀγνοῶ

206 1622 242 1689 δὲ
274 1616 312 1688 τὸ
334 1622 467 1711 πληθος
488 1622 552 1688 τῶν
573 1619 743 1742 εἰρημένων
765 1623 841 1708 περὶ
870 1621 926 1711 τῆς
955 1612 1185 1709 Ἀγαμέμνονος
1206 1647 1328 1709 αρετης,
1353 1613 1419 1688 οὐδ’

205 1718 256 1793 ὅτι
284 1721 404 1793 τούτων
431 1721 593 1847 τοσούτων
622 1717 721 1793 όντων
751 1718 880 1793 καθ’(
874 1753 913 1793 εν
939 1727 1012 1811 μὲν
1042 1727 1215 1794 ἕκαστον
1245 1723 1286 1792 εἴ
1310 1751 1421 1806 τινες

205 1838 449 1914 σκοποῖντο,
473 1830 507 1898 τί
529 1859 567 1898 αν
583 1823 873 1916 ἆποδοκιμάσαιεν,
892 1821 1033 1911 orionis*
1011 1859 1050 1898 αν
1066 1821 1210 1899 οὐδὲν
1172 1832 1275 1898 αοτῶν
1291 1823 1422 1922 αφελεῖν

203 1930 403 2064 τολμήσειεν,
449 1937 597 2059 ἐφεξῆς
631 1928 665 2004 ὁ
706 1929 1125 2025 ἀναγιγνωσκομένων
1159 1962 1342 2017 απαντες
1375 1964 1421 2003 αν

205 2037 507 2132 ἐπιτιμησαιεν
529 2034 579 2121 ῶς
602 2035 706 2108 πολὺ
727 2039 979 2108 πλείοσιν
946 2043 1184 2132 ειρημένοις
1212 2042 1280 2108 τοῦ
1303 2043 1420 2108 δέον-

204 2173 283 2227 τος.
344 2151 425 2215 Nam
456 2151 693 2232 unumquidque
726 2170 779 2233 per
809 2170 841 2215 se
871 2149 1063 2216 considerare
1094 2138 1186 2232 (καθ’
1219 2145 1253 2214 ἓν
1284 2147 1421 2214 ἕκαστον

205 2257 422 2339 σκοπεῖσθαι)
454 2258 501 2319 vel
532 2257 569 2320 de
601 2257 730 2336 singulis
760 2257 852 2320 rebus
890 2257 1061 2338 disputare,
1093 2257 1125 2320 id
1155 2256 1236 2337 quod
1271 2258 1329 2320 hoo
1357 2258 1421 2319 loeo

205 2362 366 2442 opponitur
393 2365 556 2443 perpetuae
588 2361 761 2424 orationum
790 2361 912 2425 leotioni
945 2356 1073 2447 (ἐφεξῆς
1095 2348 1420 2444 ἀναγιγνώσκεσθαι),

204 2467 360 2548 proprium
394 2469 441 2530 est
472 2467 704 2530 dialeotioornm
727 2467 938 2548 imprimisque
962 2465 1119 2538 Platonis,
1154 2467 1208 2547 qui
1241 2467 1324 2530 idern
1356 2485 1423 2529 sae-

204 2573 329 2652 pissime
361 2571 554 2653 reprehendit
582 2571 745 2634 continuae
774 2571 919 2634 orationis
949 2564 1201 2688 μακρολογίαν
1189 2571 1228 2634 ad
1252 2571 1422 2635 disserendi

204 2677 355 2741 rationem
390 2675 515 2738 minime
544 2677 666 2755 aptam,
695 2695 721 2739 e.
752 2695 796 2756 gr.
821 2674 911 2755 Gorg.
942 2675 1043 2738 4491)
1084 2659 1134 2759 ἆρ’
1167 2697 1219 2738 οον
1249 2665 1424 2760 ἓθελησαις

205 2766 304 2858 ἕλκω
290 2764 305 2794 ³
332 2784 362 2842 Γ
359 2800 459 2865 οργια
485 2767 596 2864 ῶσπερ
618 2776 670 2842 νῶν
693 2770 913 2895 διαλεγόμεθα
936 2770 1176 2843 διατελέσαι
1143 2801 1182 2842 το
1203 2776 1262 2861 μὲν
1286 2775 1421 2864 ἐρωτῶν,

205 2906 242 2947 το
229 2871 338 2947 Uo*
318 2875 579 2969 αποκρινόγιενος,
609 2875 653 2947 τὸ
677 2881 719 2948 δὲ
740 2880 870 2971 μῆκος
895 2880 973 2947 τῶν
994 2875 1125 2968 λόγων
1147 2906 1250 2962 τουτο,
1276 2873 1344 2947 οἷον
1366 2882 1423 2946 καὶ

208 2986 326 3065 Πῶλος
359 2975 490 3106 ηρξατο,
525 2984 676 3066 εἰσαῦθις
720 2977 939 3068 αποθέσθαι,
979 2976 1095 3052 αλλΗ
1084 3011 1165 3074 οπερ
1198 2978 1346 3068 ὖπισχνεῖ
1378 2979 1422 3074 μὴ

206 3085 319 3180 ψεύση,
350 3082 431 3158 αλλὰ
459 3091 617 3181 rosaque»
647 3085 731 3158 κατὰ
760 3085 859 3180 βραχὺ
880 3085 918 3156 τὸ
951 3085 1153 3179 ἐρωτώμενον
1180 3080 1422 3179 αποκρίνεσθαι

206 3203 237 3264 t
258 3200 330 3263 md
353 3201 414 3263 461
435 3201 455 3263 (1
478 3190 548 3286 τὴν
569 3194 882 3284 μακρολογίαν.
907 3185 976 3284 ,ἢν
997 3197 1159 3285 καθερξης
1181 3222 1201 3285 η
1228 3189 1266 3262 τὸ
1293 3194 1423 3284 πρῶτον

207 3300 416 3390 επεχείρησας
437 3301 589 3390 χρῆσθαι
637 3304 681 3368 of.
704 3304 827 3384 Protag.
851 3305 995 3368 3340-
1003 3304 1111 3368 335d
1158 3303 1224 3382 Quo
1246 3305 1278 3367 id
1302 3323 1422 3386 quoque

205 3411 319 3475 referas
343 3410 424 3491 quod
446 3413 547 3473 orator
570 3409 587 3492 ξ
606 3410 679 3484 136,
701 3410 756 3473 ubi
779 3409 884 3490 quales
909 3428 959 3472 eos
983 3429 1050 3474 esse
1072 3410 1145 3473 velit
1168 3410 1221 3491 qui
1244 3428 1276 3473 se
1295 3410 1422 3472 audiant

206 3515 342 3598 exponit,
372 3515 543 3578 multorum
564 3514 728 3578 verborum
751 3515 973 3596 vituperatores
996 3515 1130 3578 maxime
1153 3515 1310 3596 propulsat
1334 3509 1422 3595 (ἐμοὶ

208 3616 244 3684 δὲ
266 3615 330 3683 τῶν
351 3615 411 3700 μὲν
432 3609 586 3682 τοιούτων
608 3605 774 3702 ἀκροατῶν
798 3605 889 3681 οὐδὲν
911 3605 1044 3680 πώποτ’
1069 3614 1228 3704 ἐμέλησεν,
1257 3605 1331 3681 οὐδὲ
1352 3619 1424 3693 τοῖς

207 3712 318 3802 ἄλλοις
350 3748 421 3801 τοις
448 3709 482 3787 εὖ
511 3719 690 3811 φρονοῦσιν,
723 3717 851 3786 ἕκεινων
886 3719 923 3786 δὲ
952 3717 1016 3786 τῶν
1044 3711 1065 3786 α’
1093 3745 1128 3785 τε
1161 3725 1324 3807 προεῖπον
1356 3713 1423 3807 πρὸ

207 3852 353 3906 απαντος
374 3852 430 3894 τον
414 3819 547 3914 λόγον
568 3853 641 3914 μνηγ
629 3847 842 3909 μονεασονιων
870 3823 925 3912 τῷ
946 3851 987 3891 τε
1015 3817 1175 3914 πληθει
1201 3825 1279 3891 τῶν
1306 3827 1422 3912 λεγο-

206 3933 333 4017 μένων
363 3921 433 3998 οὐκ
465 3923 808 4019 ἐπιτιμησὸντων.
840 3919 925 3996 ουδ’
955 3919 998 4018 ἢν
1018 3928 1171 4018 μορίων
1194 3927 1305 3995 ἐπῶν
1330 3916 1350 4017 ᾖ
1378 3923 1423 3994 τὸ

299 4163 502 4230 ¹hopffi
