3102 4696
736 132 776 194 lo

652 222 863 230 ...-----

59 401 61 415 .
149 335 368 427 reprehendere
392 344 564 419 didicerint,
589 362 661 407 cum
684 343 721 407 de
744 343 812 406 aliis
835 343 926 406 rebus
949 341 1043 422 gestis
1067 345 1136 405 turn
1158 340 1195 405 de
1212 341 1366 404 maiorum

57 516 61 543 ἦ
148 452 274 516 militari
305 451 466 534 disciplina
496 450 531 532 (ᾗ
558 451 619 513 152
644 443 721 534 περί
751 470 786 511 τε
814 445 878 511 τῶν
908 433 1012 510 ἄλλων
1034 444 1098 510 τῶν
1127 441 1366 532 πεπραγμένων

31 561 38 571 “
147 554 204 620 καὶ
228 553 292 619 τῶν
322 546 585 642 ἐπιτηδευμάτων
613 551 676 618 τῶν
706 551 781 640 περὶ
813 545 868 617 τὸν
898 543 1059 637 πόλεμον)
1091 553 1196 617 ordine
1227 555 1365 634 exponat,

145 663 211 726 ficri
251 682 312 726 non
353 681 442 745 posse
482 663 557 744 quin
597 661 693 743 aliqui
729 663 884 742 seleges
926 679 945 724 a
978 662 1118 742 Lycurgo
1153 661 1246 735 latas,
1289 676 1366 740 quas

149 767 295 850 Spartani
325 769 502 843 observent,
532 768 674 850 persequi
703 768 809 830 dicant
839 754 910 846 (οὐκ
933 759 1020 829 ἔστιν
1049 752 1141 841 ὅπως
1168 751 1204 828 οὗ
1226 754 1367 850 φήσουσι

145 869 231 948 τινές
259 895 300 954 με
323 869 476 952 διεξιέναι
506 863 582 948 τοὺς
611 862 728 953 νόμους
751 855 805 948 aig
827 867 1018 957 Λυκοῦργος
1045 866 1105 952 μὲν
1128 865 1229 956 ἔθηκε
1254 872 1366 953 Σπαρ-

146 974 257 1040 τιᾶται
280 966 310 1041 d'
334 965 444 1054 αι’ποῖς
464 969 619 1063 χρώμενοι
642 967 874 1060 τυγχάνουσιν).
906 976 975 1042 Iam
992 978 1090 1059 pergit
1114 995 1146 1041 se
1169 976 1267 1039 multa
1291 993 1366 1038 sane

148 1083 305 1148 dictumm
334 1104 400 1149 esse
432 1104 510 1168 quae
540 1085 610 1160 illic,
633 1084 652 1146 i.
677 1103 701 1148 e.
755 1083 892 1165 Spartae,
923 1084 956 1145 in
984 1102 1045 1146 usu
1075 1082 1198 1156 fuerim,
1222 1081 1275 1145 sed
1306 1099 1366 1143 non

148 1191 239 1270 quasi
261 1190 420 1274 Lycurgus
449 1191 502 1253 illa
531 1189 680 1254 invenerit
709 1189 756 1252 vel
780 1189 1001 1268 excogitaverit,
1033 1181 1087 1252 Sed
1111 1187 1190 1270 quod
1213 1187 1366 1250 maiorum

148 1312 277 1359 suorum
306 1295 559 1376 gubernationem
589 1313 683 1376 quam
712 1313 749 1376 op
751 1294 826 1358 time
855 1293 895 1357 sit
881 1293 1011 1357 itmita
1013 1297 1078 1368 tus,
1113 1293 1265 1375 imprimis
1295 1310 1366 1355 vero

48 1393 52 1406 '
147 1402 238 1465 instit
225 1403 295 1464 tuta
317 1419 396 1482 quae
419 1400 459 1463 ad
481 1401 598 1464 bellum
621 1399 790 1480 gerendum
812 1399 1016 1480 pertineant1.
1068 1397 1155 1478 Quod
1186 1399 1280 1479 igitur
1310 1397 1367 1460 hoc

149 1507 213 1570 loco
237 1507 413 1587 Lycurgum
445 1524 516 1569 cum
546 1505 696 1569 rationem
726 1505 769 1569 rei
797 1504 938 1586 publicae
961 1503 1110 1584 gerendae
1133 1507 1202 1568 tum
1224 1503 1333 1566 institu
1335 1504 1367 1565 ιι

238 1809 246 1838 ¹
265 1804 297 1857 ln
322 1803 370 1856 hoc
386 1803 443 1871 ipso
462 1802 517 1856 loco
536 1803 589 1856 alie
607 1801 638 1856 de
664 1818 742 1858 causa
761 1801 870 1857 offendit
887 1802 1006 1856 Blassius
1024 1803 1050 1856 in
1070 1802 1131 1856 libri
1149 1802 1190 1856 sui
1215 1803 1260 1871 qui
1278 1806 1319 1857 est
1336 1803 1368 1857 de

151 1893 299 1962 eloquentia
316 1891 407 1946 Attica
425 1893 499 1960 parte
517 1891 614 1958 altera,
640 1891 685 1944 ubi
705 1891 894 1945 Panathenaici
912 1891 1107 1959 dispositionem
1131 1907 1162 1944 ac
1185 1891 1368 1946 tractationem

151 1981 284 2035 examinat
301 1981 337 2049 (p.
356 1981 432 2048 294);
456 1978 657 2047 discrepantiam
676 1980 744 2033 enirn
763 1979 802 2033 ait
822 1977 980 2033 intercedere
1004 1979 1072 2033 inter
1090 1995 1120 2033 ea
1138 1994 1204 2047 quae
1222 1995 1249 2033 se
1267 1981 1367 2047 exposi-

147 2070 239 2122 turum
258 2085 313 2122 esse
330 2067 367 2122 ibi
386 2067 525 2136 promittat
543 2069 630 2121 orator
648 2070 759 2136 atquae
779 2083 807 2120 re
825 2083 886 2120 vera
905 2069 1055 2135 sequantur.
1098 2067 1134 2120 Et
1151 2066 1266 2134 proiecto
1283 2068 1367 2136 primo

149 2155 255 2225 quidem
274 2156 369 2210 obtutu
386 2155 490 2210 videtur
513 2155 569 2208 iure
587 2154 690 2208 offendi.
728 2152 792 2208 Inde
816 2155 883 2207 enim
909 2153 978 2222 qnod
1003 2155 1131 2209 Isocrates
1154 2155 1313 2208 semitiora
1337 2157 1367 2208 ut

150 2244 293 2300 adversarii
311 2259 339 2298 se
362 2243 394 2297 de
411 2242 522 2296 militari
541 2241 679 2310 disciplina
703 2240 830 2295 dicentem
854 2242 927 2309 leges
951 2259 967 2296 a
985 2235 1122 2311 Spartanis
1140 2243 1289 2297 observatas
1308 2259 1367 2310 per·

148 2332 221 2401 sequi
240 2331 328 2384 dicant
346 2333 524 2398 exspectamus
543 2332 574 2382 ut
592 2329 624 2383 de
640 2329 771 2382 institutis
790 2328 825 2383 ad
848 2328 970 2383 bellicam
989 2332 1072 2384 artem
1092 2330 1271 2398 spectantibus
1289 2330 1367 2384 verba

149 2420 237 2474 faciat.
274 2417 324 2472 Sed
343 2418 444 2488 frustra
462 2433 572 2485 quaeras
590 2415 636 2470 ubi
659 2415 690 2470 de
708 2416 812 2484 legibus
831 2416 873 2470 vel
890 2417 1020 2470 institutis
1043 2417 1142 2486 aliquid
1162 2416 1260 2471 dictum
1280 2419 1316 2470 sit
1333 2417 1367 2471 ab

150 2508 266 2562 Isocrate
283 2507 310 2560 in
329 2506 377 2560 illa
395 2505 520 2559 orationis
538 2508 624 2572 parte;
650 2521 711 2559 narn
734 2504 801 2558 nihil
825 2505 876 2558 nisi
902 2521 942 2558 res
960 2507 1050 2574 gestae
1071 2508 1256 2559 enumerantur
1273 2505 1368 2574 quibus

41 2607 42 2611 ’
150 2594 321 2649 Athenienses
340 2609 510 2663 permagnam
529 2591 640 2662 gloriam
666 2593 720 2645 sint
744 2591 839 2661 adepti.
876 2593 1001 2647 Attamen
1025 2594 1121 2662 species
1144 2596 1249 2647 tanturn
1269 2593 1367 2648 discre-

151 2683 256 2747 pantiae
274 2681 378 2735 videtur
402 2681 514 2735 subesse.
557 2680 663 2733 Etenim
682 2696 710 2734 eo
729 2680 836 2734 consilio
860 2681 988 2736 Isocrates
1012 2697 1053 2734 res
1077 2699 1093 2736 a
1112 2681 1253 2736 maioribus
1277 2685 1367 2749 gestas

153 2767 278 2820 describit
295 2770 327 2820 ut
344 2769 443 2834 optima
460 2768 687 2822 administratione
705 2770 783 2837 atque
802 2769 933 2822 institutis
951 2785 994 2823 eos
1006 2785 1067 2823 usos
1085 2785 1140 2823 esse
1158 2770 1259 2824 eluceat
1275 2770 1302 2838 (ἓ
1317 2771 1365 2824 151

149 2857 177 2906 ἐκ
194 2874 298 2906 τουτων
309 2848 361 2926 γὰρ
381 2855 447 2924 [scil.
464 2875 521 2907 τιον
538 2851 674 2926 πράξεων]
703 2859 744 2906 ἔτι
767 2853 869 2923 μᾶλλον
893 2862 970 2908 ἐσται
992 2850 1204 2924 sarmaticis
1189 2877 1231 2910 στι
1255 2862 1299 2909 καὶ
1316 2851 1368 2923 τὴν

149 2941 290 2994 πολιτείαν
308 2936 414 3011 εἶχον
400 2943 476 3012 ημῶν
500 2942 528 2996 οἱ
547 2962 649 3014 προγοι
651 2964 676 2995 οι
698 2941 797 3010 βελτίω
819 2942 876 2994 τῶν
900 2937 987 2996 ἄλλοιν
1009 2949 1054 2996 καὶ
1073 2951 1298 3016 σωφρονεστέραν
1322 2951 1367 2996 καὶ

150 3027 315 3099 προστάταις
337 3036 382 3082 καὶ
406 3027 564 3098 συμβούλοις
589 3030 707 3101 ἐχρῶντο
729 3049 860 3086 τοιουτοιι
884 3031 948 3086 οἴοιι
963 3026 1018 3102 χρὴ
1041 3051 1103 3088 τους
1127 3054 1155 3085 eu
1183 3032 1365 3104 φρονοῦντας).

151 3115 291 3188 Nimirum,
310 3134 369 3172 cum
388 3118 534 3186 praeclarae
552 3120 665 3173 actiones
684 3135 772 3172 corum
791 3117 901 3173 laudant
890 3122 941 3188 ιιι,
960 3120 1190 3189 simuldisciplina
1208 3138 1297 3175 eorum
1315 3121 1365 3174 rni-

150 3205 236 3258 litaris
254 3208 315 3259 ante
339 3205 427 3258 oculos
454 3205 528 3258 nobis
552 3207 671 3275 ponitur,
699 3207 795 3275 qnippe
822 3223 888 3276 quae
915 3224 945 3262 er
969 3207 1046 3262 rebus
1074 3208 1128 3261 illis
1151 3208 1261 3268 feliciter
1283 3209 1366 3276 gestis

151 3293 234 3360 possit
251 3293 360 3360 cernis
346 3294 470 3347 ettaeite
497 3293 687 3361 quodammodo
710 3295 789 3348 etiarn
808 3296 901 3348 mstt
903 3297 931 3350 t
954 3296 1049 3364 quibus
1071 3312 1102 3350 ea
1120 3295 1257 3364 disciplina
1275 3296 1366 3349 effecta

150 3380 193 3433 sit.
230 3381 323 3448 Itaque
341 3380 401 3434 ferri
420 3383 507 3448 potest
525 3380 594 3448 quod
612 3381 760 3435 laudatores
779 3383 1038 3437 Lacedaemoniorum
1059 3385 1199 3438 Isocratem
1218 3400 1259 3436 res
1276 3387 1366 3452 gestas

150 3469 277 3521 maiorum
296 3471 446 3522 narrantem
459 3467 662 3522 Atheniensibus
681 3468 783 3522 laudem
802 3470 915 3524 rtibaere
933 3472 1104 3538 pronuntiant
1121 3473 1225 3538 propter
1242 3472 1367 3524 institute

149 3570 216 3623 quae
235 3555 346 3624 Spartae
365 3556 418 3610 sint
436 3555 544 3609 inventa
567 3555 711 3624 quibusque
735 3559 845 3611 utantur
863 3557 1068 3613 Lacedaemonii.
1110 3559 1201 3626 Neque
1223 3559 1275 3612 iarn
1293 3559 1366 3627 quis-

149 3659 228 3711 quam
246 3643 297 3696 erit
314 3644 360 3712 qui
373 3643 451 3698 verba
469 3644 485 3710 ἓ
500 3645 550 3698 153
569 3637 621 3715 ἐγώ
639 3636 664 3695 δ’
682 3637 804 3715 ὁμολογῶ
820 3649 872 3712 μὲν
890 3651 960 3716 ιρεῖν
977 3640 1064 3699 πολλὰ
1080 3645 1137 3698 τιῖιν
1155 3651 1209 3698 ἐκεῖ
1224 3643 1365 3698 audeberti·

148 3749 205 3782 τιον
228 3730 303 3785 nobis
327 3735 447 3800 opponat.
484 3732 618 3798 Quomodo
642 3733 711 3785 enim
735 3726 771 3782 τὰ
794 3733 959 3786 καθεστῶτα
986 3751 1033 3788 nos
1051 3735 1167 3802 accipere
1185 3734 1249 3788 velit
1266 3734 1366 3788 indicat

149 3821 236 3872 orator
253 3818 339 3873 verbis
357 3819 399 3872 hie
423 3821 438 3889 ξ
459 3821 522 3875 155:
547 3813 582 3874 cis
606 3817 636 3871 δὲ
658 3824 703 3871 καὶ
725 3813 778 3885 τὴν
801 3824 942 3892 ἐμπειρίαν
965 3816 1017 3888 τὴν
1039 3827 1102 3892 περὶ
1124 3815 1173 3874 τὸν
1195 3817 1314 3889 πόλεμον
1336 3815 1366 3873 οὗ

148 3901 283 3977 πρὰτερον
301 3900 424 3972 ἤσκησαν
449 3901 504 3962 οὐδ’
524 3902 634 3976 ἄμεινον
661 3903 812 3977 ἐχρήσαντο
830 3910 1003 3980 Σπαρτιᾶται
1025 3909 1081 3962 τιῖιν
1104 3902 1242 3980 ἡμετέρων
1265 3915 1293 3960 ἐκ
1310 3907 1366 3960 τῶν

149 3987 264 4065 οἷγώντον
280 4000 326 4046 καὶ
342 3993 399 4048 τῶν
416 3993 541 4064 πολέμιον
558 3994 614 4046 τῶν
626 3988 846 4065 ὁμολογουμιναιν
863 3998 995 4068 γενέσθαι
1013 3991 1072 4049 κατ’
1085 4001 1186 4049 ἐκεῖνον
1203 3991 1252 4049 τὸν
1267 3992 1367 4067 χρόνον

176 4123 182 4133 .
203 4123 208 4133 ,
229 4122 234 4134 ,
255 4081 329 4151 οἶμαι
348 4082 441 4153 σαφῶς
459 4081 610 4143 ἐπιδείξειν.
634 4112 669 4121 -
693 4082 783 4137 Liceat
808 4084 856 4138 hoc
879 4085 935 4139 loco
953 4087 1032 4140 etiarn
1052 4085 1133 4139 aliam
1152 4101 1229 4154 quarn
1249 4085 1367 4139 Blessius

148 4170 167 4225 l.
186 4186 207 4225 c.
227 4187 252 4239 p.
270 4172 323 4227 295
341 4171 453 4238 attingit
471 4171 671 4240 discrepantiam
691 4170 804 4226 breviter
821 4189 1027 4229 commemorare.
1071 4171 1185 4228 Panath.
1205 4178 1219 4236 ξ
1240 4175 1289 4228 189
1309 4189 1365 4242 sqq.

1185 4264 1206 4326 4
