3102 4696
167 383 360 442 momentum
382 383 489 458 postea
511 380 670 462 relinquit,
694 380 833 460 colligere
854 399 1019 462 possumus
1042 400 1115 444 eum
1137 381 1195 444 loci
1218 381 1300 443 illius
1323 400 1383 461 quo

167 484 344 565 Lycurgum
367 485 603 548 Atheniensium
632 487 777 549 instituta
810 486 968 549 imitatum
997 505 1063 550 esse
1091 487 1238 566 magister
1261 490 1385 549 conten-

166 590 255 653 derat
284 591 349 653 iam
376 591 572 655 recordatum
603 610 679 656 1331.
733 591 856 656 Etenim
879 591 923 655 ita
944 591 1051 656 fecisse
1074 594 1315 656 consentaneum
1338 596 1385 656 131

168 696 366 778 discipulum,
390 715 428 760 ne
451 715 560 760 rursus
583 716 602 760 a
624 700 817 778 praeceptore
846 715 885 760 ne
914 697 973 760 sibi
1001 697 1059 779 ipsi
1089 698 1309 762 contradiceret
1332 698 1385 761 ad-

167 805 351 877 moneretur.

255 943 435 1007 Proximum
458 946 505 1006 est
528 946 564 1007 ut
586 944 654 1024 quis
671 943 776 1006 3111111
792 943 960 1024 discipulus
984 947 1158 1024 quaeratur,
1174 944 1262 1007 ouius
1281 945 1383 1024 imago

166 1051 233 1111 tam
256 1048 383 1130 propriis
407 1049 602 1112 lineamentis
626 1067 769 1130 expressa
796 1051 844 1111 est
873 1051 910 1112 ut
939 1049 1014 1130 quin
1045 1051 1147 1113 certus
1169 1050 1257 1112 nobis
1280 1049 1384 1131 depin-

167 1157 259 1234 gatur
280 1154 371 1217 homo
394 1153 527 1217 dubitari
550 1174 611 1217 non
633 1154 733 1218 liceat.
789 1155 857 1217 Iam
886 1155 1045 1218 videamus
1076 1173 1154 1236 quae
1187 1155 1384 1219 Lehmannus
1421 1153 1427 1158 ’

167 1263 198 1323 11
220 1260 432 1324 Bechhansius
455 1259 493 1322 dc
517 1279 550 1322 eo
574 1259 633 1323 sibi
656 1260 900 1340 excogitaverint.
953 1261 1008 1324 Ille
1038 1261 1133 1340 igitur
1156 1260 1300 1325 Isocratis
1323 1260 1385 1324 dis·

166 1365 302 1446 cipulum
325 1365 418 1428 libelli
447 1364 499 1445 qni
530 1365 709 1428 inscribitur
731 1359 1005 1445 Λακεδαιμονίων
1028 1359 1181 1428 πολιτεία
1204 1367 1383 1447 scriptorem

166 1470 359 1550 eundemque
374 1469 594 1533 Atheniensem
609 1489 705 1533 ausus
721 1473 769 1533 131
784 1470 975 1534 contendere.
1022 1469 1109 1549 Quod
1127 1473 1228 1534 orator
1244 1490 1383 1552 expresse

167 1575 353 1656 discipulum
375 1575 470 1639 tradit
493 1575 592 1638 civem
614 1575 708 1638 111331
731 1577 762 1638 11
785 1576 957 1656 republica
974 1593 1236 1657 quaepaucorum
1259 1578 1384 1656 regatur

166 1683 316 1762 potestate
341 1670 431 1762 (τινὰ
453 1676 517 1742 τῶν
540 1675 613 1760 ἐμοὶ
635 1675 695 1760 μὲν
717 1670 1000 1765 πεπλησιακότων,
1024 1676 1058 1742 e'v
1073 1667 1240 1766 ὀλιγαρχίᾳ
1263 1676 1300 1743 δὲ
1323 1701 1379 1742 πε-

167 1781 423 1867 πολιτευμένων)
453 1787 571 1849 nullam
599 1805 723 1868 prorsus
746 1786 960 1850 difficultatem
982 1787 1010 1850 ei
1031 1790 1137 1868 parat,
1168 1787 1221 1851 sed
1250 1806 1284 1850 eo
1313 1805 1385 1850 con-

166 1891 329 1972 fugitque
353 1891 547 1972 saepissime,
576 1895 613 1954 ut
644 1910 722 1972 quae
752 1893 876 1955 obstent
907 1891 1037 1973 opinioni
1062 1910 1136 1957 snae
1158 1892 1383 1973 praeiudicatae

166 1999 301 2061 contorte
325 2016 361 2060 ac
384 2015 523 2078 perverse
545 1997 769 2078 interpretetur.
821 1997 928 2078 Neque
951 1997 1033 2062 enim
1055 1997 1177 2062 dubitat
1198 1999 1299 2062 verbis
1322 2018 1383 2060 πε-

165 2099 395 2183 πολιτευμένος
424 2098 457 2163 ἐν
487 2089 653 2186 ὀλιγαρχίᾳ
681 2120 751 2165 eam
779 2103 917 2166 subicere
944 2103 1009 2166 vim
1041 2105 1077 2166 ut
1100 2102 1272 2182 significent
1294 2102 1385 2166 disci·

167 2209 274 2290 pulum
298 2208 342 2270 ita
365 2207 510 2270 affectum
532 2206 627 2270 drisse
650 2206 753 2270 animo
777 2206 1383 2290 11111111111111111111111111111111.

171 2313 239 2374 Iam
262 2313 384 2376 sublata
407 2315 454 2377 131
469 2312 610 2377 videlicet
625 2312 799 2376 difficultas.
846 2311 906 2377 Sed
922 2314 980 2376 hae
994 2315 1179 2395 praestigiae
1195 2316 1268 2377 sunt
1282 2313 1384 2395 potius

171 2436 266 2499 quam
288 2437 363 2482 sana
385 2417 605 2500 interpretandi
627 2419 714 2481 ratio.
762 2416 846 2496 Quae
862 2418 922 2482 alia
938 2420 1108 2483 sentcntiae
1124 2418 1190 2482 eius
1212 2420 1384 2500 repugnent

168 2525 259 2605 paulo
281 2523 361 2587 infra
382 2523 570 2597 videbimus3
595 2524 679 2604 prins
702 2523 823 2586 dicatur
844 2523 882 2588 de
898 2523 1082 2588 Beckhausii
1104 2524 1312 2588 coniecturae.
1351 2523 1383 2587 Is

166 2630 262 2710 igitur
293 2629 466 2693 Lehmanni
500 2629 685 2692 sententiam
717 2627 857 2710 probavit
885 2647 1014 2710 eamque
1041 2629 1087 2692 ita
1117 2629 1315 2711 amplificavit
1347 2630 1384 2691 ut

168 2735 257 2797 illum
287 2734 431 2798 Isocratis
465 2733 651 2815 discipulum
684 2733 918 2816 Xenophontem
952 2734 1118 2809 minorem,
1149 2733 1246 2816 Grylli
1274 2733 1384 2810 filium,

168 2839 377 2921 Xenophontis
400 2841 551 2921 nepotem,
574 2838 669 2904 fuisse
692 2839 852 2902 coniceret.
897 2839 999 2919 Aque
1015 2857 1087 2902 eum
1102 2839 1205 2902 omnia
1228 2839 1289 2903 alia
1305 2859 1384 2921 quae

168 2945 320 3008 immerito
344 2945 553 3007 attribuantur
574 2944 765 3026 Xenophonti
782 2945 895 3025 scripta
910 2946 979 3007 tum
993 2945 1132 3008 libellum
1147 2945 1185 3008 de
1208 2963 1240 3008 re
1262 2945 1384 3027 publica

168 3049 478 3114 Lacedaemoniorum
501 3049 638 3114 confecta
652 3067 718 3114 esse
742 3049 932 3128 argumentis
956 3048 1061 3113 studet
1082 3051 1288 3130 comprobare.
1330 3050 1385 3114 at-

169 3155 251 3217 enim
278 3155 422 3218 omnibus
450 3155 512 3218 11113
535 3156 647 3237 spuriis
676 3173 712 3218 ao
736 3153 905 3218 subditiciis
929 3153 1049 3234 seriptis
1077 3153 1109 3216 id
1131 3172 1295 3218 commune
1317 3174 1384 3220 esse

167 3259 221 3323 ille
243 3260 460 3324 animadvertit
483 3259 563 3340 quod
587 3262 618 3323 et
640 3259 794 3324 tractandi
817 3263 848 3322 11
870 3259 1032 3339 eloquendi
1054 3259 1204 3323 rationem
1219 3261 1386 3341 praebcant

169 3365 351 3446 ancipitem,
380 3366 424 3428 ita
454 3383 524 3429 vero
554 3367 591 3428 ut
612 3365 830 3447 Xenophontea
860 3382 932 3427 cum
954 3363 1115 3427 Isocratcis
1139 3365 1201 3428 sint
1223 3365 1383 3446 permixt.

170 3468 256 3548 Quae
278 3470 421 3552 erphoari
444 3489 531 3552 posse
554 3471 724 3546 confirmat,
748 3470 774 3533 si
795 3471 941 3551 putemus
964 3487 1000 3532 ea
1023 3469 1136 3551 scripta
1159 3487 1226 3533 1331
1249 3469 1386 3534 1Χ111-

167 3576 281 3656 phonte
302 3577 438 3651 minore,
462 3576 574 3657 quippe
602 3575 656 3656 qui
685 3577 716 3639 et
746 3575 795 3638 ari
818 3575 866 3638 sui
888 3574 1096 3656 Xenophontis
1120 3576 1151 3637 11
1172 3575 1314 3654 magistri
1337 3576 1386 3639 sui

258 4015 316 4069 ¹1..
335 4031 356 4068 c.
394 4016 479 4069 ,109Ι

256 4122 337 4174 ²Der
362 4031 473 4190 jingere
501 4119 643 4187 Xenophon
672 4135 697 4173 n.
726 4119 860 4170 Isocrates.
912 4117 1037 4171 Zeitsehr.
1059 4117 1077 4173 f.
1096 4117 1121 4170 d.
1147 4116 1331 4185 Gymnasialw.
1349 4118 1384 4171 26

167 4208 255 4262 Berlin
276 4209 344 4264 1872
363 4225 387 4276 p.
403 4209 462 4262 ,225
475 4224 530 4276 sqq.

1180 4293 1224 4354 4*
