3102 4696
745 208 785 269 13

159 417 284 480 stoteles
307 415 476 478 Isocratem
498 416 602 496 ipsum
636 415 805 491 lacessivit,
839 416 913 480 ibid.
937 417 989 491 51,
1014 417 1075 479 172
1100 417 1168 497 quis
1279 418 1376 481 acrior

157 521 217 585 fuit
251 520 437 585 Aristotele?
471 520 539 601 quis
569 539 656 603 porro
684 520 812 584 Isocrati
841 524 889 585 est
911 521 1090 585 adversatus
1113 523 1306 604 impensius?
1339 522 1377 586 de

158 626 235 691 offic.
259 627 275 690 l
303 627 338 703 1,
365 626 387 690 4
422 625 459 689 de
489 626 651 689 Aristotele
679 629 711 690 et
732 626 867 690 Isocrate
996 645 1126 709 quorum
1159 630 1288 710 uterque
1323 647 1377 692 suo

159 732 261 796 studio
283 732 453 796 delectatus
477 732 661 813 contempsit
683 732 825 808 alterum,
861 732 987 814 Dionys,
1011 732 1110 797 Halio.
1134 733 1171 796 de
1194 733 1286 797 Isoor.
1313 733 1376 798 iud.

159 857 189 920 p.
214 837 276 901 577
300 834 357 899 καὶ
379 822 444 899 oi'rr'
459 823 676 920 Ἀριστοτέλει
699 832 865 917 πείθομαι
881 831 1047 922 ῥυπαίνειν
1065 828 1120 900 τὸν
1141 824 1240 921 ἄνδρα
1262 837 1377 920 βουλο-

161 938 269 1025 μένῳ).
314 941 406 1005 Porro
429 941 510 1023 quod
532 942 721 1006 orationibus
743 942 887 1006 Isocratis
904 961 980 1007 usus
1003 946 1085 1008 esset
1107 943 1146 1007 ad
1169 944 1252 1025 loges
1271 944 1377 1008 orandi

161 1047 388 1111 constituendas
422 1050 454 1111 et
483 1047 554 1112 inde
589 1047 678 1130 quasi
712 1047 829 1111 victum
862 1049 992 1131 cepisset
1027 1048 1056 1130 (ᾖ
1093 1050 1134 1112 16
1162 1047 1277 1126 οἵτινες
1307 1035 1378 1112 οὔτε

159 1141 291 1237 φράζειν
321 1138 412 1214 οὐδὲν
444 1148 543 1236 μέρος
576 1147 699 1234 iporeae
731 1154 802 1229 τοῖς
829 1155 998 1240 μαθηταῖς
1024 1150 1089 1216 τῶν
1116 1147 1287 1240 εἰρημένων
1319 1142 1377 1217 ὑπ’

161 1253 240 1337 ἐμοῦ
261 1259 350 1333 τοῖς
372 1279 413 1320 τε
435 1248 579 1342 λόγοις
601 1254 917 1344 παραδείγμασι
938 1249 1137 1344 χρώμενοι
1159 1257 1379 1342 τοῖςὲμοῖς

159 1361 217 1426 καὶ
240 1359 354 1441 ζῶντες
376 1359 522 1428 ἐντεῦθεν
543 1354 697 1428 τοσούτου
720 1360 830 1427 ὄέονοι
851 1355 943 1450 χάριν
966 1360 1047 1445 ἔχειν
1068 1355 1190 1429 romeon
1212 1364 1305 1451 aab),
1328 1367 1378 1430 oui

159 1469 261 1552 aptius
285 1469 364 1534 obici
386 1469 486 1551 potuit
519 1489 614 1551 quam
637 1470 815 1534 Aristoteli?
867 1469 927 1549 Qui
950 1489 1140 1552 quamquam
1162 1472 1245 1535 illius
1266 1472 1378 1536 rationi

159 1576 293 1638 maxime
316 1575 518 1652 adversarius,
541 1578 646 1639 tamen
668 1576 779 1639 iudicio
802 1577 948 1639 utebatur
969 1579 1036 1640 tam
1051 1576 1169 1657 integro
1184 1580 1221 1640 ut
1240 1579 1378 1659 exempla

160 1682 272 1762 quibus
295 1680 459 1745 rhetorices
482 1699 556 1746 suae
578 1684 739 1764 praecepta
761 1681 931 1746 illustraret
953 1682 1042 1762 louge
1064 1683 1234 1746 maximam
1257 1685 1378 1765 partem

161 1788 297 1850 sumeret
318 1805 355 1850 er
376 1787 443 1851 eius
465 1787 652 1851 orationibus
662 1791 683 1851 1.
729 1787 774 1851 Ut
788 1787 1037 1869 complectamur,
1067 1805 1120 1868 per
1143 1807 1179 1852 ea
1202 1806 1281 1869 quae
1303 1789 1379 1852 huc·

161 1910 260 1972 usque
282 1892 400 1973 prolata
432 1894 506 1956 suut
527 1893 723 1957 Aristotelem
753 1911 819 1956 esse
851 1893 940 1955 illum
963 1891 1172 1956 adversarium
1196 1913 1256 1956 non
1278 1894 1379 1957 solum

160 2015 267 2061 omnes
289 2016 434 2062 numeros
458 1998 570 2062 habere
592 1998 823 2079 probabilitatis,
855 1998 1027 2062 sodalium
1050 2017 1178 2062 essene
1200 2018 1288 2081 posse
1312 2001 1380 2081 qui-

160 2103 232 2168 dem
253 2103 327 2168 licet
348 2123 402 2186 pro
425 2107 507 2168 certo
537 2103 705 2179 affirmare;
734 2123 808 2167 nam
836 2123 871 2170 eo
901 2105 966 2186 ipso
988 2107 1125 2186 tempore
1148 2108 1268 2186 praeter
1289 2105 1379 2168 illum

161 2209 294 2273 alterum
317 2209 447 2273 Athenis
469 2209 579 2273 vixisse
602 2208 746 2274 Isocratis
774 2209 1007 2274 acerbissimum
1035 2212 1066 2274 et
1087 2210 1306 2290 gravissimum
1328 2229 1379 2275 ae-

159 2314 282 2377 mulum
312 2314 444 2380 eundem
474 2317 504 2379 et
526 2315 732 2397 philosophiae
761 2318 792 2378 et
821 2315 896 2378 artis
925 2315 1073 2380 oratoriae
1095 2318 1322 2397 praeceptorem
1344 2317 1377 2379 in

160 2438 254 2500 quem
276 2420 380 2483 omnia
402 2419 515 2483 indicia
537 2424 603 2485 tam
626 2423 697 2502 apte
720 2421 911 2491 conveniant,
939 2439 1011 2483 cum
1033 2438 1188 2501 nusquam
1210 2422 1377 2486 memoriae

159 2524 311 2588 nuditum
334 2524 382 2601 sit,
406 2526 521 2606 optimo
544 2526 610 2589 iure
633 2543 791 2607 negamus.
847 2525 884 2588 ld
906 2544 1006 2589 unum
1029 2526 1192 2607 quominus
1220 2529 1286 2590 tam
1307 2546 1378 2590 con-

159 2629 294 2694 fidentur
316 2632 375 2694 hoo
397 2632 554 2694 statuatur
576 2631 698 2694 videtur
719 2633 841 2696 obstare
863 2631 945 2713 quod
967 2631 1144 2696 breviante
1166 2650 1281 2713 magna
1297 2633 1378 2696 Pan·

160 2735 311 2798 athenaea
334 2735 364 2817 (ξ
389 2737 429 2799 17
452 2725 568 2821 μικρὸν
589 2725 655 2821 πρὸ
677 2733 741 2799 τῶν
765 2730 1006 2822 Παναθηναίων
1027 2732 1091 2799 τῶν
1111 2726 1269 2821 μεγάλων)
1302 2739 1377 2801 anni

160 2857 188 2902 a.
213 2837 267 2904 Ch.
283 2860 312 2904 n.
338 2842 410 2917 342,
434 2860 494 2922 quo
517 2860 597 2905 anno
620 2844 720 2905 orator
741 2842 1006 2906 Panathenaicum
1029 2843 1160 2907 scribere
1182 2843 1288 2924 coepit,
1310 2844 1378 2906 Ari-

161 2946 300 3010 stotelem
324 2965 385 3009 non
408 2947 553 3023 Athenis,
585 2947 637 3010 sed
661 2947 816 3028 Mytilenis
846 2949 901 3011 ant
930 2947 993 3010 iam
1024 2948 1057 3010 in
1080 2947 1259 3012 Macedonia
1281 2946 1376 3011 fuisse

160 3069 196 3115 ex
218 3051 256 3115 iis
279 3070 358 3133 quae
380 3051 418 3116 de
441 3053 505 3115 vita
528 3052 594 3116 eius
617 3052 656 3116 ad
679 3071 733 3116 nos
756 3054 958 3134 peruenerunt
980 3053 1100 3116 videtur
1122 3053 1209 3117 effici.
1261 3052 1376 3117 Omnes

160 3156 244 3220 enim
267 3158 321 3239 qui
344 3157 469 3240 quidem
497 3157 557 3220 fide
580 3157 665 3238 digni
695 3160 770 3222 sunt
798 3158 878 3224 vitae
908 3158 973 3222 eius
997 3158 1159 3240 scriptores
1182 3159 1377 3223 consentiunt

160 3280 232 3325 eum
267 3263 373 3326 statim
405 3265 475 3345 post
506 3262 642 3327 Platonis
676 3266 808 3327 mortem
840 3281 867 3327 a.
902 3264 965 3326 347
1003 3281 1067 3327 nna
1100 3282 1172 3326 oum
1206 3263 1376 3329 Xenocrate

160 3367 289 3431 Athenis
312 3386 344 3433 se
368 3367 533 3432 contulisse
556 3367 596 3431 ad
612 3368 774 3432 Hermiam
789 3371 965 3450 tyrannum,
990 3369 1127 3450 quitum
1142 3369 1174 3430 in
1196 3369 1272 3433 urbe
1287 3373 1378 3434 Atar-

159 3473 305 3536 nensium
328 3472 432 3537 sedem
455 3492 491 3536 ao
514 3473 705 3536 domicilium
727 3474 869 3549 habebat,
891 3474 994 3556 ibique
1016 3492 1069 3555 per
1091 3476 1153 3537 tres
1177 3491 1272 3537 annos
1295 3493 1377 3539 com·

161 3580 319 3642 moratum
341 3578 469 3644 Hermia
491 3579 579 3642 iussu
602 3578 767 3642 Persarum
790 3579 871 3660 regis
894 3597 948 3660 per
969 3578 1098 3643 insidias
1121 3597 1262 3660 oppresso
1284 3579 1377 3661 Myti-

159 3683 247 3746 lenas
270 3683 443 3764 confugisse
466 3682 513 3746 Ol.
538 3683 611 3760 108,
626 3684 647 3746 4
664 3682 719 3765 (==
734 3681 857 3768 alan),
881 3683 1002 3746 Eubulo
1026 3683 1181 3759 archonte,
1205 3686 1236 3748 et
1258 3683 1377 3748 duobus

161 3788 211 3851 vel
231 3789 331 3852 tribus
347 3789 435 3852 annis
458 3791 535 3871 post,
552 3788 599 3853 01.
618 3788 691 3865 109,
707 3791 726 3852 2
744 3786 800 3870 (=
814 3787 935 3874 alala),
959 3807 978 3851 a
993 3788 1130 3870 Philippo
1145 3807 1216 3868 rege
1232 3791 1375 3852 vocatum

160 3892 193 3956 in
216 3892 428 3957 Macedoniam
450 3894 687 3975 transmigrasse
710 3893 858 3976 (Apollod.
882 3894 964 3976 apud
987 3895 1074 3974 Diog.
1099 3894 1197 3957 Laert.
1228 3894 1264 3970 V,
1289 3895 1306 3957 7
1331 3914 1376 3976 sq.

161 4000 193 4061 et
214 3997 340 4078 Dionys
364 3998 464 4063 Halic.
487 4019 533 4081 ep.
558 3999 597 4062 ad
620 4002 723 4063 Amm.
748 3999 772 4073 Ι,
796 3999 825 4063 5.
851 4001 912 4062 727
937 4001 993 4080 sq).
1047 3997 1135 4077 Quod
1164 3999 1278 4064 Zellero
1301 4001 1376 4063 satis

252 4246 261 4276 1
281 4242 340 4297 vn.
359 4242 471 4310 Spengel
495 4243 570 4296 nult.
590 4243 615 4297 a.
635 4243 715 4299 nass.
734 4259 760 4310 p,
779 4243 831 4297 474
843 4221 882 4309 lq.
899 4244 927 4296 α
944 4242 1026 4294 zelor
1044 4243 1062 4296 1.
1082 4259 1102 4297 ο.
1122 4244 1170 4296 112
1189 4260 1215 4310 p.
1236 4245 1278 4298 19.
