3102 4696
723 152 762 214 31

133 367 236 446 Atque
271 363 402 427 aliorum
431 363 468 426 de
502 364 594 427 rebus
624 363 755 444 publicis
786 362 899 444 scripta
929 364 1001 424 ante
1033 361 1134 425 oculos
1167 361 1225 424 sibi
1258 357 1352 424 fuisse

133 463 604 550 οτείοτ1ρεεεαλίερετερ1οαε
628 468 789 548 significat,
819 486 892 531 cnm
915 467 1071 530 existimat
1094 466 1184 542 alios,
1207 467 1226 529 i.
1251 484 1276 530 c.
1300 465 1353 528 ad-

131 575 303 651 versarios,
331 575 369 638 de
391 575 504 656 palitiis
528 593 606 655 qnae
629 575 734 637 dicant
757 573 853 637 multo
875 573 965 654 plura
986 573 1146 635 habituros
1169 590 1234 635 esse
1258 589 1352 652 quam

131 681 199 763 ipse
221 680 382 762 protulerit
411 680 449 743 de
471 680 508 743 iis
533 679 563 761 (ξ
588 680 651 742 134
685 671 800 759 οἱμὲν
825 661 879 740 οὖν
901 667 1014 763 φύσεις
1039 674 1096 739 καί
1119 666 1269 758 δυνάμεις
1290 671 1354 738 τῶν

132 780 311 848 πολιτειῶν
327 770 427 860 οὕτως
449 778 584 863 ἔχουσιν,
608 773 745 868 ἡγοῦμαι
761 779 798 846 δὲ
820 779 945 845 ταῦτα
966 778 1038 863 μὲν
1062 776 1225 868 ἑτέροις
1248 772 1352 845 πολὺ

133 884 306 966 τελείους
333 879 483 974 λόγους
509 885 707 973 παρέξειν
728 885 792 951 τῶν
814 883 866 951 νῦν
888 882 1068 974 εἰρημένων,
1094 884 1167 968 ἐμοὶ
1191 874 1220 951 δ’
1245 874 1352 951 οὐκέτι

135 993 212 1081 περὶ
242 984 381 1059 ἁπασῶν
410 981 513 1058 αὐτῶν
545 984 628 1057 εἶναι
659 990 843 1057 διαλεκτέον
873 980 955 1057 ἄλλα
983 990 1059 1078 περὶ
1087 983 1185 1078 μόνης
1212 988 1268 1079 τῆς
1289 990 1354 1056 τῶν

133 1090 327 1186 προγόνων).
372 1100 454 1164 llum
476 1101 533 1164 hoc
555 1100 620 1163 loeo
643 1099 680 1164 de
704 1100 841 1163 Platonis
871 1099 908 1163 de
931 1119 964 1163 re
986 1099 1109 1180 publica
1131 1099 1250 1179 dialogo
1273 1099 1354 1179 cogi-

134 1210 228 1283 tasse,
258 1205 403 1288 quoniam
434 1223 512 1286 quae
534 1205 568 1268 in
590 1205 647 1267 hoc
668 1205 735 1286 ipso
757 1205 955 1287 proferuntur
978 1223 1049 1267 cum
1073 1205 1140 1268 aliis
1163 1204 1238 1268 loeis
1260 1203 1352 1267 huius

135 1311 281 1375 orationis
317 1311 413 1392 partis
449 1329 511 1391 qua
547 1311 664 1392 optima
698 1313 836 1373 veterum
874 1309 1107 1374 Atheniensium
1141 1310 1184 1373 rei
1212 1309 1352 1390 publicae

135 1416 236 1480 forma
258 1416 404 1479 landatur
426 1419 495 1479 tum
517 1417 607 1498 paulo
638 1434 731 1497 supra
755 1415 784 1496 (ξ
810 1415 884 1496 131)
914 1415 1096 1496 impugnata
1119 1413 1262 1490 vidimus,
1290 1415 1354 1478 iam

135 1523 225 1586 nobis
248 1524 382 1598 constat,
413 1524 444 1585 et
472 1521 625 1602 imprimis
656 1521 693 1584 de
715 1520 797 1583 illius
821 1519 933 1598 dialogi
961 1519 1045 1582 libris
1070 1519 1146 1582 Vlll
1168 1521 1200 1583 ct
1221 1519 1280 1593 1X;
1311 1519 1353 1582 ibi

136 1629 220 1691 enim
242 1627 280 1691 de
302 1627 545 1707 uniuscuiusque
568 1625 701 1690 civitatis
723 1624 839 1688 formae
856 1624 884 1687 ri
901 1643 937 1688 ac
952 1627 1063 1688 natura
1080 1623 1128 1707 (of.
1146 1624 1275 1688 Panath.
1291 1624 1311 1687 l.
1327 1643 1353 1688 c.

137 1722 251 1819 φύσεις
273 1729 330 1795 καί
354 1721 502 1811 δυνάμεις
523 1727 587 1793 τῶν
609 1725 784 1793 πολιτειῶν
807 1732 839 1793 et
862 1726 939 1814 περὶ
962 1717 1101 1791 ἁπασῶν
1124 1715 1239 1813 αι’-τῶν)
1257 1729 1356 1810 copio-

138 1838 260 1902 sissime
298 1837 466 1919 exponitur.
528 1836 608 1900 Item
649 1835 688 1899 ad
725 1835 803 1898 illud
841 1835 1035 1917 potissimum
1073 1853 1148 1916 opus
1182 1834 1353 1899 necessario

139 1945 280 2024 spectant
316 1943 409 2006 verba
444 1942 546 2024 §111
590 1943 681 2005 haee:
715 1931 789 2016 τοὺς
823 1935 860 2003 δὲ
893 1931 1058 2015 τοιούτους
1093 1940 1169 2020 (scil.
1204 1939 1355 2004 Lacedae-

138 2049 313 2111 moniorum
335 2047 571 2129 praedicatores)
602 2035 736 2109 ἐπειδὰν
759 2037 943 2108 αἴσθωνται
966 2035 1039 2120 τοὺς
1061 2035 1184 2120 τόπους
1206 2033 1355 2120 ἅπαντας

139 2149 476 2238 προκατειλημμένους
505 2149 562 2214 καὶ
589 2147 671 2236 μηδὲ
700 2141 784 2235 πρὸς
813 2143 847 2212 ἓν
868 2136 1032 2212 ἀντειπεῖν
1060 2143 1156 2228 ἔχωσι
1184 2146 1248 2212 τῶν
1270 2143 1354 2236 εἰρη-

139 2425 303 2500 μοκρατικὴν
319 2431 407 2503 λέγειν
430 2432 527 2483 οἰκεῖον
551 2436 684 2500 φαίνεται,
709 2427 849 2482 πολιτείαν
874 2424 898 2482 δ’
918 2423 1002 2496 αὐτὴν
1026 2427 1161 2482 εἰώθασιν
1185 2429 1212 2483 οἱ
1235 2429 1357 2483 πλεῖστοι

138 2517 240 2569 καλεῖν·
261 2516 364 2571 τούτων
382 2517 413 2572 δὲ
430 2517 560 2586 βελτίστη
579 2521 630 2586 μὲν
648 2511 664 2584 ἡ
682 2516 815 2584 βασιλεία,
838 2525 962 2587 χειρίστη
981 2512 1006 2570 δ’
1027 2511 1043 2583 ἡ
1062 2525 1229 2588 τιμοκρατία.
1257 2524 1355 2588 παρίκ-

136 2610 219 2672 βασις
236 2605 267 2658 δὲ
283 2606 423 2673 βασιλείας
440 2609 491 2675 μὲν
502 2612 638 2675 τυραννίς·
660 2600 742 2675 ἄμφω
759 2599 811 2676 γὰρ
829 2612 982 2674 μοναρχίαι,
1002 2604 1162 2676 διαφέρουσι
1181 2605 1211 2658 δὲ
1228 2604 1356 2658 πλεῖστον

138 2734 144 2744 .
165 2734 170 2745 .
191 2733 197 2744 .
217 2735 223 2746 .
243 2693 273 2754 ἐξ
290 2688 496 2765 ἀριστοκρατίας
520 2691 551 2745 δὲ
574 2694 610 2748 εἰς
635 2687 798 2764 ὀλιχαρχίαν,
819 2697 847 2744 ἐκ
865 2691 895 2745 δὲ
914 2688 947 2759 δὴ
965 2699 1138 2764 τιμοκρατίας
1162 2695 1198 2748 εἰς
1223 2692 1356 2763 δημοκρα·

136 2787 207 2833 τίαν.
243 2781 371 2835 Similiter
389 2782 467 2835 Polit.
487 2781 529 2835 III
548 2783 572 2836 7.
586 2781 626 2833 IV
638 2782 663 2848 2,
683 2782 781 2837 lasea
799 2782 842 2849 26,
863 2781 907 2834 be
926 2797 1027 2849 quoqne
1045 2782 1152 2849 politiae
1171 2797 1277 2849 quaere
1296 2797 1357 2834 vcra

137 2870 265 2922 exsistant
277 2885 324 2922 sex
337 2869 488 2938 distinguit,
500 2872 554 2922 tres
567 2868 647 2922 bonas
665 2866 816 2936 βασιλείαν,
837 2862 1054 2938 ἀριστοκρατίαν,
1067 2867 1214 2930 πολιτείαν,
1234 2869 1357 2922 totidem·

137 2972 187 3022 que
211 2957 321 3009 vitiosae
348 2955 509 3026 τυραννίδα,
538 2949 702 3026 ὀλιχαρχίαν,
732 2953 930 3025 δημοκρατίαν;
961 2971 1049 3008 νείατα
1078 2956 1104 3008 h.
1124 2957 1141 3009 l.
1169 2954 1309 3008 πολιτείαν
1331 2972 1358 3009 se

137 3043 246 3097 eandem
269 3043 389 3112 intellegi
413 3045 478 3097 velle
502 3060 533 3098 ac
556 3044 732 3097 timoeratiam
755 3059 873 3110 expresse
895 3042 1000 3110 qnidam
1026 3061 1076 3096 non
1101 3043 1172 3098 dicit.
1220 3045 1257 3096 At
1279 3044 1355 3096 illum

138 3131 283 3184 ethicorum
301 3131 532 3184 Nicomacheorum
546 3132 630 3184 locum
644 3131 784 3184 Isocratem
797 3131 937 3198 respexisse
949 3131 1088 3198 quominus
1101 3134 1230 3198 putemus,
1243 3135 1357 3199 praeter-

137 3234 216 3285 quam
244 3218 313 3285 quod
340 3219 407 3272 illud
430 3220 556 3286 scriptum
579 3235 602 3271 a.
623 3219 674 3272 342
697 3219 749 3271 iam
775 3217 874 3271 editum
898 3218 979 3270 fuisse
997 3218 1136 3270 verisimile
1160 3236 1209 3271 non
1230 3222 1272 3272 est
1294 3219 1357 3288 (rid,

139 3304 222 3358 Zeller
240 3306 286 3358 112
309 3323 334 3374 p.
361 3307 435 3374 159),
458 3307 571 3373 primum
597 3305 625 3358 id
650 3305 738 3359 obstat
761 3305 830 3372 qnod
851 3305 870 3358 ii
894 3321 1004 3373 quorum
1027 3307 1094 3358 ratio
1118 3306 1145 3357 in
1165 3305 1357 3361 Panathenaico

139 3393 304 3460 vituperatur
322 3394 435 3461 quinque
453 3392 601 3446 distinxisse
619 3394 741 3446 ridentur
764 3393 801 3445 rei
821 3392 939 3459 publicae
963 3393 1074 3460 formas,
1099 3397 1202 3460 praeter
1226 3398 1279 3447 tres
1297 3395 1357 3448 illas

139 3496 205 3547 quas
229 3481 355 3534 Isocrates
380 3484 522 3548 computat,
546 3473 702 3550 ὀλιχαρχίαν
724 3479 909 3549 δημοκρατίαν
931 3487 1089 3551 μοναρχιάν,
1114 3483 1304 3535 aristocratiae
1332 3487 1358 3536 et

140 3568 329 3636 timocx·atiam;
347 3569 375 3622 id
393 3567 462 3636 quod
480 3568 578 3635 optime
596 3569 730 3621 convenire
749 3570 858 3635 apparet
876 3584 933 3620 cum
954 3568 1120 3621 distinetione
1139 3568 1266 3638 Platonis,
1285 3569 1357 3623 haud

139 3656 179 3708 ita
198 3655 261 3709 bene
279 3673 337 3709 eum
357 3656 506 3723 Aristotele,
524 3655 570 3722 qui
588 3671 631 3708 sex
650 3654 810 3725 distinguam
829 3671 889 3708 nam
909 3654 1052 3723 βασιλείαν
1069 3659 1096 3710 et
1112 3655 1271 3726 τυραννίδα,
1291 3674 1358 3725 quas

141 3743 269 3796 Isocrates
293 3761 344 3797 nno
368 3743 532 3797 monarchiae
554 3744 657 3797 nominc
681 3742 890 3810 comprehendit,
921 3744 1062 3810 separatim
1091 3745 1164 3811 ponit
1190 3747 1216 3796 et
1246 3745 1357 3798 inarime

141 3829 245 3884 differre
262 3833 331 3885 inter
350 3848 377 3884 se
394 3831 503 3886 iudicat
538 3830 686 3899 Praeterea,
704 3830 731 3883 id
751 3830 819 3898 quod
838 3831 946 3884 maximi
964 3831 1088 3883 momenti
1107 3834 1159 3898 est,
1183 3833 1228 3898 qui
1247 3832 1357 3886 Isocrati

140 3921 202 3972 ante
231 3919 319 3973 oculos
349 3919 519 3972 obversantur
549 3919 664 3971 omnium
695 3919 820 3986 optimam
848 3918 957 3972 formam
988 3919 1140 3972 existimant
1166 3920 1356 3973 aristocratiam

140 4006 168 4074 (1.
187 4023 208 4060 ε.
225 4003 439 4075 χρησιμωτάτην
458 3993 567 4075 orionem
594 4006 643 4058 hoe
669 4007 732 4059 item
757 4005 870 4073 quadrat
892 4007 919 4058 in
938 4006 1074 4058 Platonem
1097 4006 1159 4073 (vid.
1179 4009 1283 4075 snpra),
1310 4007 1357 4061 ab·

140 4093 230 4147 horret
248 4097 335 4147 autem
354 4094 388 4148 ab
406 4094 559 4161 Aristotele,
583 4094 628 4160 qui
647 4109 756 4161 regnum
779 4093 899 4146 oninibns
917 4094 1009 4146 ceteris
1027 4097 1169 4160 praeponat
1194 4091 1309 4161 (τρίταν
1328 4092 1359 4147 de

139 4180 269 4248 βελτίστη
287 4186 338 4250 μὲν
356 4176 372 4248 ἡ
390 4180 533 4250 βασιλεία).
