3102 4696
738 177 776 239 61

148 387 242 468 gistro
266 387 361 468 igitur
383 388 429 451 ita
452 388 606 452 dubitanti
629 387 760 451 officiose
784 387 936 450 succurrit
949 386 1170 468 Theopompus,
1194 406 1265 451 curn
1288 405 1367 468 quae

149 493 187 557 de
216 493 464 558 Lacedaemoniis
494 494 576 557 dicta
605 496 678 557 suut
711 494 744 556 in
774 511 843 557 earn
875 493 1060 556 sententiam
1090 493 1309 574 interpretatur
1331 497 1367 556 ut

150 599 210 663 sibi
235 617 355 680 quoque
378 601 474 664 oratio
497 600 593 680 possit
615 599 743 681 placere.
795 597 878 661 Nam
900 598 1035 680 proprios
1057 599 1369 662 Lacedaemoniorum

148 723 249 768 mores
273 707 304 768 et
326 723 376 768 res
400 705 491 768 abiis
507 707 611 784 gestas
628 721 707 785 quae
722 704 903 767 moratione
926 709 1207 768 commemorantur
1229 723 1369 785 quaeque

148 810 182 873 in
205 810 386 875 deteriorem
408 813 529 892 partem
545 812 704 891 acceperat
718 809 879 885 Isocrateo,
902 827 938 873 ea
960 809 993 872 in
1008 808 1132 874 laudem
1147 810 1247 890 potius
1264 828 1370 874 eorum

149 915 401 997 interpretatione
434 934 490 979 sua
524 916 648 980 trahens
682 916 824 997 iniquum
857 914 1007 979 iudicium
1041 915 1226 996 magistrum
1261 916 1369 980 tulisse

149 1021 325 1085 circuitione
356 1021 491 1103 quadam
520 1021 637 1085 iudicat
670 1022 721 1084 ille
756 1025 787 1084 et
821 1024 972 1102 quatenus
1001 1021 1058 1084 hoc
1093 1023 1263 1084 correctum
1297 1021 1370 1084 vetit

149 1126 243 1189 simul
266 1126 415 1190 declarat.
460 1128 506 1190 Ac
528 1146 567 1190 ne
590 1129 694 1208 aperte
709 1127 893 1207 obloquatur
915 1127 1058 1206 magistri
1079 1127 1208 1190 orationi
1230 1127 1369 1191 omnium

149 1233 260 1314 plausu
294 1230 384 1296 modo
414 1231 628 1313 comprobatae
657 1249 730 1296 eum
759 1232 804 1295 ita
832 1232 963 1312 corrigat
994 1231 1079 1295 illam
1107 1251 1139 1294 se
1170 1251 1273 1296 veram
1302 1233 1368 1296 eius

150 1337 337 1400 sententiam
360 1337 476 1418 aperire
500 1337 608 1401 callide
632 1337 759 1400 simulat
783 1335 817 1418 (ξ
833 1338 897 1399 236
921 1337 1037 1420 πεῖραν
1055 1334 1165 1418 λαβεῖν
1179 1327 1371 1418 βουλόμενος

150 1435 179 1505 εἰ
204 1437 447 1529 φιλοσοφοῦμεν
468 1439 525 1504 καὶ
546 1432 740 1527 μεμνήμεθα
761 1438 825 1504 τῶν
847 1437 881 1504 ἐν
902 1443 976 1517 ταῖς
990 1440 1173 1526 διατριβαῖς
1194 1439 1371 1526 λεγομένων

149 1545 207 1611 καὶ
240 1546 378 1611 συνιδεῖν
408 1546 597 1634 δυνηθεῖμεν
626 1533 665 1610 δν
694 1530 729 1610 δν
759 1536 882 1632 τρόπον
911 1535 1045 1631 ὁλόγος
1066 1537 1211 1631 τυγχάνει
1233 1569 1369 1632 γεγραμ-

149 1649 254 1734 μένος.
307 1643 353 1717 Of.
377 1653 475 1735 §247
516 1639 610 1715 αἰτόν
639 1641 856 1740 φανερώτερον
887 1646 1020 1715 ἐποίουν
1047 1649 1104 1714 καί
1133 1642 1371 1738 γνωριμώτερον

149 1760 220 1834 τοῖς
241 1745 534 1843 ἀναγιγνώσκουσιν
555 1762 588 1824 01
609 1758 737 1842 ἓ244).
782 1758 892 1840 Itaque
907 1759 997 1840 fingit
1010 1758 1086 1822 nihil
1109 1759 1190 1839 quod
1213 1759 1369 1824 offensioni

151 1866 192 1928 sit
216 1865 460 1929 animadvertere
484 1883 550 1930 sese
572 1865 605 1928 iu
627 1865 762 1928 oratione
786 1864 823 1928 de
839 1864 1089 1928 Lacedaemoniis
1109 1864 1228 1928 dictum
1252 1863 1289 1946 (ξ
1305 1865 1369 1928 235

150 1957 242 2033 οὐδὲν
264 1960 324 2055 γὰρ
348 1965 382 2032 ἐν
404 1956 513 2047 αὐτοῖς
536 1958 600 2055 1ρῶ
614 1965 760 2033 τοιοῦτον
775 1967 1016 2054 γεγραμμένον),
1039 1972 1070 2033 01
1091 1971 1187 2033 sumit
1202 1969 1370 2034 Isocratem

150 2077 250 2140 verbis
282 2077 436 2156 ambiguis
466 2095 560 2140 usum
589 2095 656 2140 rem
684 2076 729 2139 ita
762 2075 934 2139 instituisse
961 2079 998 2138 ut
1019 2075 1173 2140 videretur
1199 2076 1370 2157 vituperare

151 2180 333 2264 Spartiatae,
357 2182 415 2246 0111
444 2185 524 2246 11111
556 2200 606 2246 101
636 2181 776 2245 laudaret
806 2180 841 2262 (ἓ
858 2182 921 2245 239
954 2177 1168 2265 Σπαρτιατῶν
1198 2177 1235 2244 δὲ
1264 2180 1371 2245 δοκεῖν

151 2283 209 2366 μὲν
238 2288 424 2372 κατηγορεῖν
450 2288 520 2362 τοῖς
547 2273 655 2372 ἇηδῶς
685 2276 769 2371 πρὸς
792 2272 905 2362 αὐτοὺς
934 2281 1166 2367 διακειμένοις,
1201 2283 1300 2373 μηδὲν
1334 2283 1372 2350 δὲ

150 2395 259 2457 ποιεῖν
285 2389 431 2456 τοιοῦτον
458 2378 540 2455 dact
569 2382 742 2456 λανθάνειν
771 2387 914 2455 ἐπαινῶν
943 2378 1058 2468 αότοός
1086 2390 1180 2477 κτλ).
1230 2393 1279 2456 Ad
1302 2412 1371 2458 eam

150 2499 300 2563 rat—ionem
323 2518 402 2580 quae
425 2497 736 2562 Lacedaemoniorum
758 2498 878 2580 propria
902 2517 968 2562 esse
991 2500 1092 2562 orator
1120 2498 1295 2575 ostenderit,
1319 2517 1371 2562 sn·

150 2604 288 2686 perbiam
310 2608 342 2669 et
364 2604 497 2669 bellandi
520 2603 659 2668 studium
695 2607 726 2668 et
749 2604 920 2681 avaritiam,
943 2606 1127 2686 quapropter
1148 2607 1370 2686 postponantur

150 2709 390 2774 Atheniensibus
413 2711 497 2793 pacis
529 2710 647 2793 cupidis
677 2712 709 2774 et
732 2709 920 2775 Graecorum
943 2710 1121 2774 amantibus
1148 2713 1180 2774 et
1202 2710 1370 2792 aequabili·
1394 2778 1398 2795 ,

151 2814 225 2878 tatis
254 2815 399 2880 studiosis
423 2815 459 2898 (ἓ
476 2816 536 2878 241
571 2811 604 2878 ἐν
633 2795 660 2900 ᾧ
689 2810 877 2902 πεποίηκας
906 2806 982 2892 τοὺς
1006 2811 1067 2895 μὲν
1097 2805 1173 2891 σοὺς
1194 2804 1372 2899 προγόνους

152 2909 326 3006 εἰρηνικοὺς
345 2917 401 2984 καί
425 2917 616 3008 φιλέλληνας
636 2918 693 2983 καί
716 2917 773 3007 τῆς
787 2910 937 3007 ἰσότητος
958 2917 1016 3006 τῆς
1038 2916 1072 2982 ἐν
1092 2922 1165 2996 ταῖς
1188 2916 1371 2996 πολιτείαις

150 3013 320 3109 ἡγεμόνας,
344 3017 553 3112 Σπαρτιάτας
576 3013 606 3090 δ’
629 3015 870 3112 ὑπεροπτικώτς
891 3023 948 3089 καὶ
970 3016 1169 3106 πολεμικοὺς
1190 3023 1247 3089 καὶ
1271 3025 1370 3089 πλεο-

151 3126 279 3209 νέκτας,
305 3130 458 3216 οἵουσπερ
478 3118 593 3208 αὖτοὺς
614 3121 698 3196 εἶναι
720 3122 840 3208 πάντες
861 3119 1079 3218 ὑπειλήφασιν
1100 3129 1192 3216 κτλ),
1216 3151 1252 3196 ea
1267 3133 1370 3197 omnia

152 3255 247 3317 quam
275 3237 361 3312 tandi
390 3238 492 3319 potius
525 3237 586 3301 illis
620 3239 765 3304 vertenda
796 3240 860 3302 sint
890 3239 1050 3320 explanat3
1083 3237 1258 3320 superbiam
1288 3239 1370 3302 enim

151 3343 347 3406 maiestatem
376 3343 504 3420 habere,
533 3361 601 3407 rem
630 3344 798 3408 admodum
828 3343 1042 3419 honorificam,
1071 3347 1104 3407 et
1131 3344 1164 3407 in
1193 3344 1370 3408 hominibus

152 3448 290 3530 superbis
312 3449 381 3530 plus
405 3449 503 3513 inesse
527 3450 793 3530 magnanimitatis
816 3451 958 3514 omnibus
986 3448 1081 3513 videri
1105 3467 1200 3531 quam
1222 3449 1255 3512 in
1278 3451 1369 3530 aequi

152 3553 296 3618 studiosis
322 3553 355 3636 (ἓ
372 3554 435 3617 242
459 3543 516 3640 τήν
537 3575 572 3617 τε
595 3545 654 3640 γὰρ
676 3544 861 3642 υττεροηιίαν
884 3545 1110 3641 σεμνότητοςγ
1097 3551 1255 3635 μετέχειν,
1279 3540 1369 3617 ευδο-

152 3653 249 3739 κίμου
270 3648 492 3778 πράγματος,
502 3656 558 3723 καί
581 3648 726 3724 δοκεῖν“
705 3679 813 3724 απασι
827 3649 1228 3747 μεγαλοφρονεστέρους
1199 3680 1281 3722 ειναι
1296 3681 1371 3735 τους

151 3755 316 3840 τοιοότους
329 3787 349 3850 η
364 3756 439 3842 τοὺς
453 3789 510 3851 της
532 3756 681 3852 ἰσότητος
702 3763 947 3851 προεσταντας);
971 3785 1058 3848 porro
1081 3769 1187 3846 gentes
1210 3765 1369 3830 bellicosas

151 3869 249 3934 multo
279 3870 409 3951 potiores
439 3890 506 3937 esse
536 3872 621 3954 pacis
645 3873 837 3948 amantibus,
868 3890 940 3936 cum
969 3872 1001 3935 hi
1025 3889 1123 3952 neque
1147 3889 1183 3934 ea
1206 3890 1284 3952 quae
1307 3891 1369 3934 non

152 3976 289 4039 habeant
311 3976 369 4039 sibi
392 3995 568 4060 comparare
601 3979 719 4060 possint
748 3997 846 4059 nequa
870 3996 976 4042 eorum
999 3995 1077 4057 quae
1100 3976 1276 4058 possideant
1297 3977 1369 4040 boni

153 4099 220 4144 esse
235 4082 363 4157 tutores,
378 4081 424 4145 illi
439 4084 597 4147 valeantu
548 4086 743 4165 tetrumque
759 4084 847 4166 (ibid.
870 4105 945 4157 τους
966 4104 1025 4163 μεν
1041 4072 1100 4166 γὰρ
1116 4067 1186 4146 οὔτε
1201 4072 1370 4169 κτητικοὺς

150 4175 232 4248 εἰναι
249 4209 312 4249 τιον
328 4208 385 4249 οτκ
407 4171 506 4250 όντων
529 4174 600 4251 οότε
623 4179 769 4276 φιλακοίς
791 4178 913 4263 δεινοὺς
934 4210 998 4250 τιον
1013 4175 1233 4272 υνταρχόντών,
1250 4173 1367 4262 τουςδ

1028 4319 1037 4350 t
